1907 3166
281 161 365 205 292
922 157 1134 195 NOTAE.

283 277 364 308 tioni
392 273 568 307 conciliari
600 267 686 312 περὶ
711 259 758 302 οὗ
783 266 847 301 καὶ
870 262 1088 312 Ἰσοκράτης
1109 266 1251 311 φησίν,
1277 258 1335 300 ὅτι
1361 260 1451 305 τούς
1473 259 1688 304 ἀκούοντας
1711 258 1789 298 ἑπι-

284 331 543 375 σημαίνεσθαι
570 326 633 361 καὶ
659 326 849 372 θορυβεῖν
873 328 982 360 ποιεῖ
996 324 1083 370 περὶ
1107 320 1356 369 παρισώσεων
1379 321 1444 357 καὶ
1466 317 1652 357 τοιούτων
1672 320 1789 356 τινῶν

280 388 396 434 λέγων
423 383 539 435 [ταῦτ’
569 387 722 431 εἴρηκεν
748 381 789 419 ἐν
810 385 1140 432 Παναθηναικῷ];
1169 387 1301 419 ultuma
1326 390 1484 427 quattuor
1508 384 1615 417 verba
1640 383 1682 415 ab
1703 383 1787 415 Her-

281 461 426 494 mogene
453 450 566 482 alienu
593 460 669 481 esse
697 448 866 479 videntur.
920 446 1081 490 exempla
1105 451 1188 489 aput
1211 447 1394 478 Isocratem
1421 444 1581 487 pluruma
1607 442 1787 475 inveniun-

283 518 355 549 tur,
395 510 493 541 euius
524 520 633 552 paene
665 515 732 540 totu
765 517 814 539 or.
844 506 924 538 XXI
969 517 1011 538 ex
1053 505 1275 548 comparibus
1316 509 1368 536 est
1399 503 1610 546 composita,
1653 506 1690 533 ut
1719 501 1787 533 iam

283 569 443 601 l‘liilostr.
473 567 714 600 animadvertit
740 567 780 599 Υ.
809 566 846 598 S.
874 566 960 604 21⁴,
989 565 1045 600 20.
1076 564 1253 597 Demostli.
1283 563 1363 595 vide
1390 563 1490 602 VIII,
1519 560 1576 602 33,
1603 560 1724 600 XXII,
1753 559 1784 598 1,

284 627 410 662 Aeseh.
439 628 502 666 lll,
529 626 587 663 94,
615 625 685 658 Cic.
714 636 751 668 p.
779 624 878 657 Caec.
913 625 947 662 1,
979 635 1078 665 quem
1111 623 1223 656 locum
1251 622 1368 655 laudat
1394 621 1508 660 Quint.
1537 620 1560 653 l.
1587 631 1617 653 c.
1644 637 1690 642 -
1740 625 1785 653 1-1.

283 693 351 718 aut
386 687 421 718 si
456 696 579 728 quom
612 686 651 716 in
685 684 825 715 altero
858 683 1007 726 plures
1046 691 1144 715 sunt
1185 682 1288 725 volgo
1323 681 1522 725 legebatur,
1566 677 1656 711 male
1688 676 1788 710 adhi-

283 746 354 777 bitn
381 745 610 777 disiunctione
638 753 768 781 eorum,
796 753 882 784 quae
907 752 971 773 non
998 742 1063 773 nisi
1093 742 1273 773 coniuncta
1300 752 1378 774 esse
1404 744 1565 783 possunt:
1591 735 1787 770 necessario

284 806 316 837 in
343 805 450 836 altero
479 804 630 835 membro
664 803 782 845 plures
814 801 969 843 syllabae
1001 807 1097 838 sunt,
1134 811 1236 842 quoni
1274 800 1418 832 alterum
1450 798 1591 830 brevius
1618 801 1688 835 est,
1726 805 1788 827 nec

283 875 424 907 compar
451 863 494 895 ad
528 863 680 905 speeiem
716 861 885 901 nascitur,
926 861 992 892 nisi
1027 859 1114 891 illud
1152 859 1290 891 brevius
1327 857 1543 902 longitudine
1574 855 1697 889 saltem
1731 858 1788 887 aut

284 923 497 966 plenitudine
533 927 700 964 praestet:
738 930 842 961 quatre
869 913 941 951 ‘aut
969 911 1008 951 si’
1043 925 1074 951 et
1103 911 1209 952 ‘sunt'
1240 918 1388 951 delenda
1424 917 1532 950 suere.
1591 914 1787 947 observatio

281 982 400 1014 eadem
427 988 477 1013 est
506 979 732 1012 Anaximenis
758 980 815 1013 52.
843 979 904 1010 27:
933 975 992 1020 εἰή
1016 971 1056 1009 δ’
1082 969 1131 1009 ἂν
1155 975 1219 1009 ἴσα
1245 974 1309 1008 καὶ
1344 970 1465 1008 πολλὰ
1499 967 1616 1018 μικρὰ
1643 965 1788 1015 ὀλίγοις

281 1035 457 1083 μεγάλοις
489 1035 551 1070 καὶ
589 1036 653 1069 ι”σα
686 1033 726 1069 τὸ
762 1033 925 1078 μέγεθος
961 1034 1060 1073 ι”σοις
1099 1029 1168 1067 τὸν
1194 1028 1379 1077 ἀριθμόν.
1501 1039 1544 1067 18.
1577 1031 1791 1065 similiter

282 1100 438 1131 cadens
466 1110 493 1129 s.
525 1098 790 1138 homoeoptoton
819 1095 896 1127 vide
924 1106 982 1137 ap.
1012 1094 1116 1126 Rutil.
1146 1094 1235 1137 an.
1266 1092 1409 1133 11:13,
1443 1093 1501 1134 qui
1527 1098 1640 1124 tamen
1668 1100 1786 1123 exem-

283 1159 377 1202 plum
406 1156 669 1189 liomtwotelenti
696 1165 738 1186 ex
762 1155 933 1187 Sosiernte
961 1155 1026 1186 iaun
1049 1154 1081 1185 in
1105 1153 1170 1186 lioe
1196 1154 1308 1196 capite
1335 1153 1446 1194 affert,
1472 1151 1588 1193 Aquil.
1617 1150 1716 1184 Rom.
1746 1149 1787 1187 11,

284 1219 324 1253 4:
352 1216 540 1251 Alexandr.
568 1215 655 1249 vlit.
683 1214 764 1250 476,
797 1221 827 1245 et
853 1213 929 1244 Til).
954 1214 1034 1251 562,
1059 1214 1114 1254 qui
1141 1212 1338 1256 exemplum
1373 1212 1477 1245 Isocr.
1508 1211 1588 1243 citat
1612 1209 1671 1250 IV,
1710 1207 1786 1241 186.

283 1278 424 1320 saepius
451 1277 552 1307 etinni
583 1274 744 1317 repetitur
773 1273 893 1305 endem
921 1273 1112 1304 terminatio
1137 1273 1168 1303 in
1199 1273 1256 1311 Vl,
1286 1271 1342 1311 75,
1369 1271 1426 1303 ubi
1454 1280 1516 1313 pro
1535 1265 1703 1314 μηδεμιᾷ
1720 1275 1787 1299 πο-

283 1333 400 1380 λιτείᾳ
427 1328 632 1376 τεταγμένῃ
665 1326 863 1375 χρώμενον
892 1331 1077 1375 legerimus·
1103 1341 1140 1373 μ,
1175 1329 1352 1376 στρατείᾳ
1378 1340 1410 1361 τ.
1438 1339 1495 1372 χρ.
1525 1334 1705 1370 utrumque
1729 1338 1790 1370 ge-

284 1405 347 1426 nus
376 1395 453 1425 sim.
483 1393 558 1425 end.
591 1399 621 1424 ct
647 1393 724 1424 sim.
755 1392 828 1425 des.
858 1391 1130 1434 complectuntur
1157 1390 1334 1423 Aristotel.
1364 1389 1429 1424 Rh.
1450 1389 1506 1428 111,
1530 1387 1551 1421 9
1577 1394 1610 1420 et
1626 1386 1786 1419 Anaxim.

283 1453 345 1488 523,
375 1454 395 1485 ἴ)
423 1444 722 1494 παρομοιώσεως
749 1451 903 1487 nomine,
941 1451 1041 1482 etium
1068 1449 1137 1484 (Ἰν,
1163 1449 1205 1481 de
1238 1450 1280 1481 iis
1306 1449 1513 1482 coniunctim
1546 1447 1617 1491 agit
1644 1445 1700 1478 Or.
1730 1443 1788 1483 38,

285 1512 373 1545 adde.
410 1510 494 1550 135,
526 1511 567 1543 de
604 1521 651 1542 or.
682 1510 745 1548 lll,
775 1509 862 1547 206,
889 1509 987 1551 plura
1015 1508 1155 1552 praebet
1181 1507 1294 1546 Quint.
1324 1507 1387 1547 lx,
1415 1505 1448 1547 3,
1474 1505 1638 1541 75—79.

384 1571 465 1607 155,
495 1576 538 1602 ts.
583 1569 897 1602 adnominatio.
958 1567 1042 1599 haee
1081 1568 1256 1611 plerisque
1296 1572 1347 1599 est
1381 1563 1670 1608 παρονομασία;
1708 1563 1789 1596 Ale-

286 1630 418 1661 xandro
449 1630 546 1668 X'lll,
582 1629 662 1663 477,
689 1627 828 1658 Tiberio
856 1627 942 1664 556,
979 1627 1174 1659 Herodiano
1201 1625 1288 1667 595,
1318 1625 1446 1657 Rutilio
1472 1624 1569 1668 Lupo
1598 1624 1630 1663 1,
1654 1623 1694 1663 3,
1724 1622 1786 1655 Iul.

284 1689 464 1720 llulininno
494 1688 540 1721 ll,
568 1687 629 1721 15,
652 1692 685 1716 ut
708 1685 854 1726 Aquilae
879 1685 1031 1717 nomano
1060 1685 1272 1727 puronymia.
1298 1683 1346 1725 (ζ’)
1373 1683 1513 1717 Aristot.
1543 1682 1643 1716 Rliet.
1675 1682 1739 1720 III,
1767 1680 1790 1714 6

283 1746 438 1789 appellat
472 1739 516 1776 τὰ
552 1738 656 1785 παρὰ
682 1737 834 1785 γράμμα
870 1737 1094 1784 σκώμματα,
1131 1743 1199 1774 t'ie.
1242 1753 1290 1774 or.
1327 1741 1372 1775 84
1401 1741 1519 1774 laudat
1548 1734 1788 1773 ‘inmutatione

284 1806 400 1838 litt-rae
428 1804 602 1845 quuesitns
631 1795 847 1834 venustates'.

381 1863 459 1901 156,
481 1869 509 1893 2.
538 1861 841 1893 attenuatione
867 1866 935 1891 ant
968 1858 1264 1901 complexione
1293 1858 1490 1891 eiusdem
1516 1856 1686 1889 literae.
1738 1861 1790 1888 at-

287 1922 435 1954 tenuatio
464 1927 512 1952 est
541 1931 616 1951 eum
640 1920 808 1951 brevitate
832 1918 941 1960 idem,
975 1918 1021 1949 ita
1052 1923 1181 1954 tamen,
1221 1924 1254 1948 ut
1288 1917 1320 1948 iu
1348 1916 1498 1948 flexione
1527 1921 1656 1947 tantum
1693 1915 1788 1947 inve-

286 1982 414 2012 nintur:
451 1979 727 2022 complexionem
755 1977 857 2012 dicit,
898 1987 998 2018 quam
1024 1976 1143 2007 Graeci
1171 1968 1432 2017 συναλοιφήν,
1454 1975 1552 2007 cuius
1577 1973 1788 2016 exemplum,

287 2046 337 2072 set
364 2049 429 2070 nou
465 2039 497 2069 in
531 2037 649 2070 eadem
684 2037 782 2068 litera
814 2042 1020 2079 usurpatae,
1053 2034 1167 2073 Quint.
1200 2035 1228 2072 1,
1257 2035 1296 2073 5,
1334 2034 1375 2066 17
1407 2033 1537 2077 prosett
1564 2043 1607 2066 ex
1634 2033 1790 2065 Varrone

288 2099 444 2132 Atacino.
497 2103 613 2129 nostro
638 2096 712 2128 loeo
734 2088 850 2127 ‘venit'
878 2106 919 2127 ex
947 2095 1050 2126 veniit
1077 2099 1287 2125 eonii-aetum
1316 2093 1492 2136 praecedit
1517 2098 1617 2125 tenue
1645 2091 1788 2124 alterum

279 2149 412 2199 ‘ve.nit'‚
445 2156 570 2188 deinde
596 2166 615 2186 a
645 2155 738 2187 tenui
758 2146 888 2185 ‘vincit’
916 2164 959 2185 ex
981 2153 1149 2185 contrario
1175 2152 1218 2184 ad
1248 2151 1386 2195 plenius
1413 2143 1544 2183 ‘vincit’
1578 2150 1788 2194 proceditur,

288 2223 402 2248 natum
432 2226 473 2247 ex
509 2215 649 2246 diducta
683 2213 793 2246 forma
820 2213 949 2245 vineiit.
1009 2212 1129 2244 eudem
1158 2211 1299 2250 relatio,
1339 2220 1426 2252 quae
1448 2216 1499 2243 est
1525 2211 1613 2242 inter
1637 2209 1790 2252 comple-

287 2276 424 2306 xionem
450 2280 480 2306 et
508 2274 792 2312 attenuationem,
821 2272 974 2304 obtinere
1002 2271 1103 2303 debet
1126 2271 1212 2302 inter
1233 2269 1494 2313 productionem
1518 2274 1550 2300 et
1572 2268 1788 2307 brevitatem,

288 2344 396 2375 neque
417 2333 619 2375 scriptorem
644 2331 810 2363 credibile
830 2330 983 2363 membra
1003 2329 1223 2362 cohaerentia
1243 2330 1292 2361 sic
1307 2328 1500 2368 disiecisse,
1520 2332 1557 2359 ut
1572 2325 1675 2370 volgo
1691 2331 1788 2359 sunt:

289 2403 327 2424 ae
351 2393 430 2433 quia
457 2402 476 2423 a
501 2391 597 2423 brevi
625 2390 723 2422 litera
747 2390 790 2421 ad
817 2389 1016 2432 productam
1045 2387 1177 2431 (livium
1203 2406 1247 2411 ——
1275 2386 1406 2423 fivium)
1431 2386 1557 2419 deiude
1583 2396 1603 2418 a
1624 2385 1791 2429 producta

289 2449 331 2481 ad
365 2450 506 2481 brevem
534 2450 727 2487 (etiriam—
755 2446 908 2489 Ct'iriam)
936 2448 1115 2479 transitum
1138 2446 1238 2485 facit,
1270 2445 1503 2489 supplendum
1525 2437 1584 2476 ‘ex
1610 2435 1790 2476 contrario'

292 2508 373 2546 suit,
397 2508 487 2549 quod
514 2518 618 2550 snpra
645 2508 769 2550 legitur
791 2517 843 2538 vs.
872 2507 910 2539 4:
940 2506 1176 2549 productionis
1203 2511 1235 2538 et
1261 2504 1488 2548 correptionis
1514 2501 1712 2546 exemplum
1739 2507 1792 2535 est

289 2577 346 2609 ap.
376 2565 488 2604 Quint.
518 2566 595 2604 vlt,
620 2563 655 2604 9,
686 2565 739 2597 123.
767 2583 813 2587 —
837 2571 866 2599 9.
895 2565 1112 2598 addendis
1140 2565 1288 2597 literis
1313 2569 1349 2596 ut
1374 2562 1444 2595 Cic.
1469 2573 1504 2606 p.
1531 2561 1624 2594 Cael.
1655 2561 1710 2600 15,
1731 2562 1788 2594 77.

287 2626 387 2658 Verr.
411 2625 454 2664 ΙΙ,
476 2624 508 2662 1,
533 2624 566 2656 2.
599 2641 646 2646 —-
682 2629 724 2654 to.
753 2623 990 2655 demendis.
1031 2628 1067 2654 ut
1094 2623 1220 2656 Aesch.
1246 2623 1307 2663 111,
1324 2621 1381 2656 78.
1421 2631 1501 2653 num
1524 2620 1697 2653 addiderit
1715 2620 1791 2663 ipse

290 2683 438 2726 scriptor
458 2673 585 2723 ‘nuuc’‚
613 2681 704 2722 quod
730 2681 764 2711 in
786 2680 876 2713 notis
902 2680 1122 2721 reliquimus,
1151 2690 1217 2712 uon
1245 2679 1363 2721 liquet.
1447 2685 1490 2711 11.
1518 2677 1791 2711 transferen-

290 2743 356 2776 dis
379 2747 415 2774 ιιι
441 2739 620 2783 Aristoph.
648 2739 710 2773 Th.
742 2739 844 2771 1215.

385 2801 464 2839 157,
490 2806 518 2833 2.
544 2797 862 2838 conmutandi&
914 2797 964 2828 sic
991 2795 1061 2830 Cic.
1088 2796 1186 2828 verr.
1220 2797 1262 2836 II,
1288 2797 1322 2835 ἵ),
1351 2795 1408 2829 26.
1433 2795 1534 2828 lectio
1570 2795 1672 2828 codd.
1707 2793 1791 2826 alte-

289 2861 361 2893 rius
385 2859 465 2891 fam.
488 2852 523 2890 ‘a
549 2868 616 2900 quo
642 2857 729 2891 velis
755 2849 904 2900 diligier’
930 2855 1159 2898 improbanda
1175 2859 1244 2896 est,
1272 2855 1353 2896 quia
1378 2864 1445 2888 non
1463 2854 1621 2887 subsistit
1642 2854 1677 2886 in
1699 2862 1791 2885 com-

291 2919 477 2954 mutatione
503 2917 680 2950 literarum
707 2928 724 2949 e
758 2921 789 2949 et
815 2916 845 2958 i,
879 2921 931 2948 set
962 2915 1057 2947 addit
1090 2913 1310 2946 inflexionem
1341 2914 1417 2947 eius
1442 2913 1600 2956 generis,
1635 2911 1727 2958 quod
1757 2911 1791 2943 in
