1907 3166
210 149 294 191 238
863 154 1072 190 NOTAE.

209 267 258 297 sic
284 264 417 295 videtur
440 270 553 295 orator
573 263 730 295 dedisse:
758 261 876 295 ταῦτα
898 258 967 306 μὲν
990 257 1085 306 ὑμῖν
1112 259 1217 306 λέγω,
1241 257 1292 302 ὡς
1309 258 1414 309 αὐτῷ
1432 273 1498 308 μοι
1515 259 1715 307 πρόφασιν

211 315 396 363 οὐδεμίαν
423 315 498 362 εἶχε
525 315 566 352 τὸ
593 314 819 353 ἀποκτεῖναι
852 316 920 354 τὸν
953 315 1092 363 ἄνδρα.
1223 331 1249 355 5.
1280 324 1473 365 iniquom
1510 332 1618 356 esse
1646 323 1715 356 di—

210 388 275 412 cct
302 399 346 402 —
372 380 600 411 devocari.
653 380 697 411 κί’.
728 380 796 411 Cic.
828 382 899 412 luv.
929 382 971 416 ΙΙ.
996 381 1053 418 36,
1081 381 1194 419 Quint.
1225 382 1301 419 vu,
1322 383 1355 418 2,
1383 380 1441 416 37.
1491 380 1558 414 huc
1582 386 1716 423 spectat

211 441 278 472 Cic.
309 450 342 482 p,
373 440 411 477 Q.
441 439 563 471 llos-vio
590 440 645 470 22.
694 431 764 470 ‘HS
790 440 880 473 laon.
911 439 948 478 Q.
982 440 1125 471 Roscius
1152 440 1324 472 fraudavit
1349 440 1527 472 Fannium.
1579 449 1648 481 qua
1671 438 1714 471 dc

211 501 338 531 caiisa?
363 498 516 529 subridet
542 497 720 531 Saturius.
750 505 935 533 veterator.
963 505 997 529 ut
1022 498 1088 530 sibi
1121 498 1274 530 videtur:
1310 499 1358 531 ait
1376 492 1533 542 ‘propter
1556 497 1635 540 lpse.
1658 495 1713 529 HS

214 551 315 591 loon?
369 557 487 590 video.
523 562 572 586 sci
599 561 709 585 minen
737 566 796 586 cur
828 558 903 600 ipsu
932 558 1012 591 lna)
1040 564 1106 589 uun
1134 557 1354 590 vehementer
1377 556 1589 600 concupierit
1610 565 1715 597 quae-

212 627 265 647 ro:
295 627 371 648 uum
402 615 482 648 tibi.
513 614 555 646 Μ-
586 614 778 655 [wi-perna„
806 615 842 647 C.
871 616 967 649 Piso.
1003 623 1093 647 ccrtc
1125 617 1209 648 tuuti
1233 626 1300 648 non
1323 616 1486 655 fuissent,
1521 620 1557 647 ut
1581 615 1714 649 socium

211 676 434 707 l'ruudurctis:
465 673 589 704 Roscio
613 682 672 703 cur
698 673 779 704 tuuti
807 673 949 711 suerint,
974 685 1113 706 causum
1139 667 1300 716 requiro.'
1372 681 1399 707 7.
1421 672 1585 706 deinde
1609 671 1713 706 codd.

212 734 299 765 mult·
328 734 501 766 inserunt.
530 731 628 771 quusi
656 730 739 763 haec
766 732 808 763 de
836 734 906 764 vita
941 740 1071 776 partem
1101 734 1227 766 suriant
1253 742 1389 771 eorum,
1424 742 1513 773 quae
1542 731 1587 764 dc
1610 740 1714 764 causa

213 793 312 824 modo
338 790 651 835 praecipiebantur.
680 797 829 823 ceterum
858 792 936 823 vidc
962 791 1015 823 Ιιῑι·
1043 794 1111 824 Cic.
1143 793 1214 823 lnv.
1244 792 1285 826 11.
1306 790 1368 829 32,
1395 790 1509 829 Quint.
1525 790 1569 829 V,
1596 789 1650 828 lo,
1667 787 1714 822 38

164 851 178 879 ἴ
212 857 242 882 ct
275 850 472 893 exemplum
509 850 578 881 Cic.
614 861 646 892 p.
685 850 799 887 Quint.
833 850 870 882 ll
911 862 986 892 sqq.
1024 852 1080 883 ubi
1117 850 1235 882 Nat-vii
1269 855 1430 882 tractatur
1464 849 1545 881 vita.
1683 853 1711 880 8.

213 919 302 940 uum
330 908 497 949 quaudo
524 907 673 939 simile
696 909 802 948 quid
831 909 1004 943 feccrit.
1071 910 1162 942 idem
1185 916 1235 940 est
1261 916 1344 951 aput
1378 907 1537 940 Anaxim.
1562 905 1620 945 28,
1646 906 1711 939 22:

212 961 278 999 ἐὰν
315 962 421 1010 ἔχῃς,
461 959 676 998 ἐπιδείκνιέ
719 960 812 999 αὐτὸ
852 965 965 1000 τοῦτο
1001 963 1040 999 τό
1084 965 1238 1008 πρᾶγμα
1279 960 1461 1004 πολλάκις
1504 956 1714 1006 πεποιηκό-

212 1036 256 1057 τα
296 1021 504 1066 πρότερον.
539 1019 573 1056 εἰ
599 1020 639 1055 ὁὶ
667 1020 740 1067 μή,
775 1018 890 1068 ὅμοια
933 1021 1065 1070 τούτῳ.
1140 1026 1245 1057 utitur
1283 1036 1322 1057 ω’»
1361 1025 1441 1067 Lys.
1482 1023 1635 1063 xxvu,
1677 1021 1713 1060 3.

215 1086 317 1117 isocr.
348 1084 444 1116 xvn
463 1109 470 1116 .
499 1082 564 1121 30,
598 1083 666 1114 t'ic.
696 1095 730 1126 p.
759 1085 794 1115 S.
823 1085 922 1119 Rosc.
959 1087 1041 1126 100,
1070 1085 1217 1117 abstinet
1243 1084 1399 1117 consulto
1425 1083 1604 1127 Lycurgus
1632 1080 1712 1115 149.

211 1160 255 1165 —
308 1148 351 1175 to,
380 1142 417 1172 in
445 1151 491 1171 eo
517 1141 695 1173 ‹lt-bnbit
722 1154 821 1176 csse
847 1151 1108 1187 occupatus,
1148 1150 1190 1174 ut
1222 1143 1274 1175 ad
1301 1153 1388 1175 eam
1415 1153 1591 1175 causam
1614 1151 1714 1185 pcc-

212 1200 300 1230 cati
324 1217 370 1222 —-
394 1200 480 1230 vitu
508 1199 695 1231 hominis
721 1203 863 1243 possit
899 1202 1240 1234 adcommodari.
1291 1202 1383 1234 idem
1411 1201 1637 1245 Hermogenis
1663 1206 1714 1232 est

212 1265 430 1300 przu·‹·cpuuu
459 1267 496 1291 π.
525 1250 601 1298 εὕρ.
629 1258 686 1292 88.
714 1260 759 1292 20
785 1272 861 1301 sqq,
887 1260 945 1299 ΩΙ,
979 1260 1030 1294 ΙΓ»,
1083 1263 1222 1302 agitque
1249 1261 1298 1294 sic
1330 1260 1400 1295 Cic.
1428 1271 1462 1304 p.
1493 1259 1624 1295 Cluent.
1654 1258 1712 1292 70.

206 1310 326 1357 duwe,
352 1316 502 1351 iudices.
531 1327 617 1357 quac
646 1328 724 1349 vert·
751 1318 911 1351 dicuntur
933 1331 951 1350 u
979 1319 1095 1356 uobis,
1123 1319 1260 1352 facilius
1285 1319 1451 1357 credetis,
1481 1319 1511 1352 si
1537 1327 1615 1351 cum
1639 1317 1714 1349 ani-

212 1377 276 1407 mis
303 1377 426 1408 vostris
451 1375 553 1415 longo
583 1376 763 1408 intervallo
791 1378 962 1410 recordari
996 1378 1031 1411 C.
1067 1379 1198 1411 Staieni
1225 1379 1330 1411 vitam
1355 1384 1389 1411 et
1414 1382 1571 1410 naturam
1594 1375 1712 1409 volue-

213 1436 301 1466 ritis·
332 1446 407 1466 uum
435 1435 578 1477 perinde
605 1443 638 1467 ut
663 1437 780 1480 opinio
804 1443 854 1469 cst
880 1437 922 1469 dc
949 1438 1115 1478 cuiusque
1143 1436 1314 1475 moribus,
1347 1437 1393 1469 ita
1421 1437 1506 1478 quid
1526 1436 1570 1469 ab
1595 1444 1635 1468 eo
1660 1434 1713 1468 fa-

212 1501 300 1525 ctum
328 1501 383 1526 aut
411 1504 475 1525 non
501 1494 628 1527 sactum
655 1496 717 1532 sit,
754 1497 954 1528 existumari
988 1488 1125 1538 potest.'
1175 1506 1219 1528 ex
1248 1495 1418 1528 contrario
1440 1505 1503 1539 pro
1531 1494 1628 1528 Sulla
1647 1493 1711 1526 74:

207 1545 392 1595 'adspicite
423 1553 536 1596 ipsum
570 1571 615 1576 —
648 1554 800 1587 conferte
833 1555 961 1586 crimen
991 1565 1068 1586 cuin
1100 1555 1186 1586 vita:
1236 1555 1338 1587 vitam
1372 1554 1415 1586 ab
1449 1554 1546 1587 initio
1573 1552 1619 1585 ad
1646 1552 1712 1584 hoc

211 1617 346 1654 tempus
371 1610 580 1654 explicatam
606 1623 682 1645 cum
709 1614 852 1646 crimine
884 1614 1119 1656 recognoscite
1146 1629 1192 1635 -
1217 1621 1283 1643 non
1310 1611 1419 1651 cadit,
1443 1621 1531 1650 non,
1557 1611 1712 1652 inquam,

210 1670 300 1701 cadit
328 1671 360 1701 in
387 1670 450 1701 lios
477 1679 607 1704 morcs,
645 1681 710 1703 non
743 1672 775 1703 in
811 1671 900 1703 hunc
930 1671 1117 1714 pudorem,
1151 1680 1218 1702 non
1251 1670 1284 1701 in
1317 1669 1406 1702 hanc
1431 1670 1558 1708 vitam,
1585 1678 1652 1701 non
1678 1668 1712 1700 iu

211 1727 301 1759 hunc
326 1720 524 1762 homiuem?
647 1735 689 1761 15.
724 1730 759 1763 si
795 1740 871 1761 non
908 1730 1072 1772 poterit
1098 1746 1146 1752 -
1177 1729 1342 1772 dispar.
1394 1727 1467 1761 Cic.
1494 1727 1567 1761 Inv.
1596 1727 1640 1764 11,
1667 1725 1712 1759 33

207 1779 264 1817 ‘ex
293 1785 423 1828 dispari
451 1796 585 1828 quoquc
612 1798 738 1830 genere
764 1788 963 1831 culparum.
996 1787 1026 1819 si
1049 1797 1091 1818 ex
1118 1787 1193 1830 pari
1218 1786 1363 1820 facultas
1387 1795 1455 1819 non
1480 1786 1561 1825 erit,
1595 1785 1712 1828 inpro-

212 1844 294 1876 bare
327 1845 480 1876 animuin
513 1846 691 1878 advorsari
726 1838 906 1890 oportebit'
934 1846 970 1878 id
996 1845 1089 1887 quod
1123 1846 1232 1879 sccuti
1259 1852 1337 1879 sunt
1361 1845 1469 1879 Caelii
1495 1849 1712 1877 accusatores

212 1903 256 1935 cl'.
287 1903 356 1935 Cic.
386 1914 421 1946 p.
451 1903 544 1939 Cael.
575 1904 617 1937 15
640 1898 673 1937 ‘a
695 1905 887 1937 maledictis
910 1904 1098 1948 pudicitiae
1121 1905 1166 1937 ad
1188 1905 1435 1938 coniurationis
1453 1903 1619 1937 invidiam
1637 1913 1715 1936 orn—

212 1961 260 1992 tio
283 1968 333 1993 est
360 1967 475 1993 vostra
498 1955 652 2006 delapsa’
681 1970 711 1995 ct
743 1964 862 1996 militis
889 1971 971 2007 aput
1000 1964 1139 2005 Lysiam
1170 1963 1234 2003 ΙΧ,
1272 1964 1302 1997 1.
1363 1963 1578 2008 improbatur
1599 1968 1713 1996 autem

212 2019 295 2051 haec
322 2021 552 2053 accusationis
578 2022 662 2053 ratio
689 2032 708 2053 a
735 2020 848 2060 Quint.
878 2023 954 2061 Vll,
981 2024 1014 2060 2,
1038 2021 1095 2056 28.
1128 2039 1175 2046 —-
1230 2028 1273 2056 17.
1301 2022 1369 2055 vel
1401 2023 1438 2055 si
1473 2033 1554 2065 quo
1585 2023 1712 2056 modo

212 2079 382 2121 poterit
410 2079 562 2120 aliquo
588 2098 634 2103 —
658 2090 903 2123 personam.
955 2080 1000 2112 cf.
1023 2081 1081 2119 ΙΙΙ,
1104 2083 1138 2114 4.
1173 2073 1219 2114 ‘si
1244 2090 1311 2123 qua
1336 2081 1370 2112 in
1396 2092 1434 2115 re
1459 2081 1715 2116 cohortabimur

212 2130 367 2180 aliquid'.
407 2138 654 2170 obscurabatur
676 2138 759 2171 olim
785 2140 994 2172 constructio
1016 2149 1056 2171 eo
1073 2140 1166 2180 quod
1185 2133 1361 2182 ‘denique’
1377 2141 1412 2173 in
1430 2141 1589 2174 omnibus
1609 2141 1712 2175 codd.

212 2203 348 2240 praeter
373 2207 398 2238 μ
425 2196 678 2240 praefigebatur
705 2197 819 2229 verbis
840 2190 973 2239 ‘aliquo
999 2198 1065 2230 aut'
1094 2204 1157 2232 etc.
1193 2208 1315 2240 quam
1339 2198 1397 2242 pl.
1418 2200 1546 2234 vitiis
1570 2205 1715 2234 conta-

211 2258 392 2291 minare.
445 2256 607 2299 displicet
628 2256 693 2288 hoc
719 2266 855 2298 quoque
877 2256 1087 2294 Quintiliano
1115 2257 1190 2295 Vll,
1217 2257 1251 2295 2,
1279 2256 1336 2290 34.
1686 2287 1690 2291 ,

305 2316 362 2349 31.
393 2323 417 2348 1.
456 2317 507 2348 sic
540 2315 611 2347 Cic.
648 2315 720 2348 inv,
750 2315 792 2352 11,
820 2315 876 2349 50.
906 2308 1078 2348 ‘eiusdem
1110 2325 1187 2348 esse
1220 2316 1278 2356 qui
1304 2316 1338 2348 in
1360 2315 1422 2348 illa
1443 2325 1482 2348 re
1507 2315 1660 2359 peccarit
1683 2320 1716 2348 et

215 2375 280 2406 hoc
299 2384 434 2415 quoque
455 2374 540 2416 (del.
562 2366 637 2414 ‘et')
655 2366 861 2406 admisisse’.
887 2374 1054 2406 Isocrates
1076 2373 1204 2413 XVIII,
1227 2375 1272 2407 52
1294 2384 1337 2406 ex
1362 2383 1430 2406 uno
1455 2373 1585 2417 insigni
1610 2372 1715 2406 Calli-

214 2432 328 2465 machi
353 2432 544 2467 maleficio,
572 2432 665 2473 quod
691 2438 838 2472 enarrat,
865 2433 997 2465 iudices
1023 2420 1066 2465 de
1093 2438 1274 2476 praesente
1298 2433 1357 2466 lite
1378 2431 1585 2465 concludere
1605 2431 1712 2468 iubet.

216 2491 304 2524 adde
333 2490 457 2523 Aesch.
483 2491 510 2528 Ι,
537 2490 593 2529 76,
618 2490 684 2530 93,
715 2490 800 2530 153,
826 2491 961 2535 Cic..p.
988 2491 1076 2524 Mur.
1106 2492 1162 2525 13.
1188 2510 1235 2515 —
1259 2497 1288 2526 3.
1317 2491 1436 2524 facta
1456 2500 1540 2524 nou
1565 2489 1715 2524 famam

216 2561 277 2594 sp.
306 2560 370 2592 op.
401 2549 472 2582 Cic.
499 2550 572 2584 InV.
602 2551 642 2587 ΙΙ,
670 2549 728 2584 34.
758 2543 935 2582 ‘hortandi
959 2551 1092 2583 iudices
1120 2556 1229 2590 erunt,
1261 2557 1298 2584 ut
1326 2554 1477 2584 veterem
1503 2549 1630 2582 famam
1655 2548 1717 2582 ho-

215 2605 322 2643 minis
355 2607 402 2640 nil
436 2607 480 2639 ad
508 2618 579 2639 rem
604 2613 725 2650 putent
755 2602 950 2650 pertinere.'
985 2608 1099 2647 Quint.
1122 2610 1204 2649 VII,
1235 2610 1277 2648 2,
1310 2608 1356 2643 33
1383 2603 1578 2642 ‘accusator
1600 2608 1716 2641 ---ad

217 2673 434 2713 praesentem
457 2667 715 2711 quaestionem,
741 2666 784 2698 de
810 2677 877 2708 qua
904 2667 980 2700 sola
1007 2668 1175 2700 iudicium
1201 2669 1264 2707 sit,
1291 2668 1523 2711 cognitionem
1545 2666 1714 2711 alligabit,

216 2728 336 2761 dicens
370 2726 542 2758 neminem
572 2734 640 2757 non
675 2724 860 2766 aliquando
892 2726 1051 2768 coepisse
1076 2718 1245 2768 peccare.'
1286 2725 1449 2768 exempla
1466 2725 1630 2769 praebeat
1649 2725 1718 2758 De-

215 2785 338 2819 mosth.
363 2784 478 2823 XXX,
503 2785 543 2822 4;
576 2782 740 2815 Dinarch.
767 2783 827 2823 111,
851 2783 885 2817 6.
920 2778 1038 2814 πάλαι
1071 2779 1246 2820 τοιοῦτος
1277 2774 1332 2816 ὦν
1362 2776 1579 2816 ἐλάνθανεν
1602 2775 1717 2826 ὑμᾶς,

214 2845 304 2878 adde
327 2844 384 2877 18.
411 2862 461 2869 -—-
507 2849 536 2878 5.
565 2841 888 2885 demonstrabit
913 2842 1051 2873 vitam
1079 2841 1297 2883 integram
1322 2846 1360 2873 ut.
1383 2841 1483 2878 Dcm.
1510 2841 1608 2882 XXI,
1637 2840 1716 2880 136,

214 2903 382 2946 Hyperid.
407 2912 443 2945 p.
460 2901 544 2943 Lyc.
565 2900 637 2933 col.
655 2900 811 2939 11—-153
837 2899 907 2933 Cic.
928 2909 963 2942 p.
988 2898 1028 2937 Q.
1046 2899 1148 2932 Rosc.
1173 2898 1323 2933 17—23.
1353 2899 1445 2932 idem
1465 2899 1629 2934 Anaxim.
1657 2898 1715 2938 79,
