1923 3182
866 179 1072 217 NOTAE.
1639 172 1724 212 219

212 306 280 338 γον
298 290 389 333 τούς
406 287 619 331 ἀκούοντας
639 290 906 335 δυσχεραίνειν
925 285 993 322 τὸν
1013 283 1133 322 αὐτὸν
1152 285 1318 332 τρόπον,
1347 281 1467 331 ὅνπερ
1489 282 1544 320 ἐπ’
1568 281 1724 320 ἐκείνων

212 352 374 396 εἴρηται,
397 350 469 395 τὴν
492 345 689 394 εὐμένειαν
711 346 927 392 ποριστέον,
955 342 1220 391 ὁμοιοτρόπως
1245 342 1286 379 δὲ
1306 345 1370 379 καὶ
1390 345 1441 392 τῷ
1459 342 1552 390 μήτε
1571 336 1613 379 εὖ
1632 341 1724 388 μήτε

214 411 340 450 κακῶς
372 405 612 454 διακειμένῳ.
711 416 737 441 9.
767 410 891 441 similis
921 408 1089 440 sententia
1114 407 1208 450 apud
1239 407 1352 445 Quint.
1381 408 1436 446 lv,
1468 405 1498 444 l,
1526 406 1582 437 44.
1605 398 1649 437 ‘si
1675 406 1726 436 ni-

212 471 274 507 1111,
300 470 392 512 quod
417 480 478 502 nos
502 469 654 503 adiuvet.
681 469 754 510 erit,
783 477 1007 509 quaeramus,
1037 466 1119 507 quid
1143 465 1379 497 adversarium
1407 464 1537 496 laedat:
1565 474 1661 499 nam,
1689 471 1723 496 ut

214 529 365 572 optabile
398 534 467 569 est,
508 527 586 570 plus
620 527 750 560 favoris
776 527 919 566 mereri,
957 526 1006 557 sic
1033 535 1239 567 proxumum
1265 524 1335 555 odii
1365 517 1505 555 minus'.
1605 528 1649 555 19.
1687 524 1721 555 si
1751 524 1770 555 7

216 597 419 620 summam
445 598 602 620 causae
631 587 662 618 b.
690 597 782 628 exp.
835 585 914 617 vide
940 584 983 616 ad
1005 584 1092 615 lianc
1112 584 1390 626 praeceptionem
1412 581 1572 613 Anaxim.
1595 582 1651 621 54,
1671 582 1724 615 lo.

215 656 292 678 cum
318 651 397 679 nota
423 645 483 689 Sp.
526 645 638 684 Quint.
669 646 728 684 tx',
758 645 788 681 1,
817 643 861 675 34
891 644 949 685 qui
983 642 1078 674 affert
1111 642 1319 684 principium
1349 641 1593 679 Cluentianae,
1621 641 1728 673 adda-

214 715 290 738 mus
314 705 392 737 Div.
420 706 454 737 in
480 704 579 738 Caec.
611 705 640 736 1.
670 704 768 736 Verr.
801 704 823 744 l,
852 702 883 743 1,
918 702 945 733 Ι.
975 720 1019 723 -
1067 707 1113 733 20.
1143 700 1186 732 cf.
1216 699 1285 732 Cic.
1315 700 1356 731 de
1381 700 1450 731 Inv.
1478 699 1504 736 Ι,
1528 697 1584 731 23.
1613 698 1725 736 Quint.

218 764 278 804 IV,
304 764 336 803 1,
362 762 419 796 34.

307 821 342 865 8,
371 829 396 854 1.
438 827 629 854 attentos
662 838 708 842 —
741 820 937 851 facturos
980 819 1023 851 1-1.
1053 819 1124 850 Cic.
1152 817 1240 849 Part.
1278 816 1335 850 30.
1379 815 1492 854 Quint.
1533 816 1591 856 IV,
1620 814 1651 857 Ι,
1683 813 1728 847 33

217 881 444 924 laudatosque
470 880 600 923 Speng.
633 879 677 911 ad
705 880 817 913 Anax.
846 879 902 915 51,
931 877 988 913 21,
1017 876 1142 918 quibus
1175 875 1358 906 adiiciatur
1385 873 1454 906 Cic.
1484 883 1518 915 p.
1549 873 1661 905 Flaec.
1692 872 1725 905 3.

216 949 251 982 p.
279 939 365 971 Rab.
395 949 429 982 p.
458 939 546 985 154.
575 956 620 960 —
690 944 716 969 3.
754 937 801 968 de
835 937 891 968 iis
916 953 963 959 ——
993 935 1235 977 pertinent,
1267 940 1300 965 ut
1327 933 1576 965 Demosthenes
1600 932 1729 971 XXlY,

218 999 240 1030 4
260 1008 311 1040 sq.
350 997 390 1037 L,
421 998 448 1029 Ι.
500 996 568 1030 Cic.
597 996 619 1028 l.
649 1007 677 1028 e.
777 1002 803 1029 G.
848 994 975 1027 Cornif.
1010 992 1065 1026 hie
1096 997 1129 1024 ut
1158 992 1360 1035 plerumque
1388 992 1421 1023 in
1448 991 1582 1023 duobus
1610 991 1732 1033 primis

218 1057 318 1090 libris
344 1057 387 1089 de
413 1056 486 1089 solo
513 1056 668 1088 iudiciali
694 1065 818 1099 genere
849 1055 992 1097 cogitat,
1035 1052 1247 1095 prooemium
1282 1050 1498 1083 deliberativi
1529 1055 1560 1082 et
1592 1050 1732 1083 demow

219 1115 352 1147 strativi
378 1114 515 1157 generis
546 1114 636 1146 infra
668 1115 728 1151 ΙΙΙ,
756 1115 788 1147 7.
824 1114 866 1146 13
910 1113 1050 1144 brevius
1101 1111 1268 1143 absolvit.
1322 1110 1507 1153 diligenter
1550 1114 1727 1141 tractatum

219 1173 260 1205 ab
290 1173 504 1205 Anaximene
528 1172 586 1211 41,
613 1174 657 1205 22
685 1182 758 1214 sqq.
858 1180 883 1204 7.
920 1177 1126 1213 quattuor
1158 1170 1308 1201 modis.
1349 1169 1549 1211 conspirant
1581 1169 1722 1200 Aristot.
1755 1171 1777 1204 8

220 1231 320 1264 Rhet.
350 1232 410 1271 111,
440 1230 495 1271 14,
522 1231 556 1270 7,
592 1232 754 1265 Anaxim.
783 1231 838 1273 73,
873 1230 1022 1269 12—23,
1058 1231 1122 1262 An.
1151 1228 1232 1272 ch.
1261 1229 1342 1267 428,
1370 1230 1403 1261 ὃ.
1442 1232 1581 1268 quartus
1606 1227 1729 1259 modus

221 1290 386 1322 omittitur
412 1300 432 1322 a
463 1288 532 1322 Cic.
563 1290 651 1321 Part.
681 1288 737 1329 28,
771 1290 829 1322 ubi
863 1301 916 1322 res
948 1296 1226 1333 praetereuntur,
1261 1298 1326 1319 non
1360 1288 1394 1319 in
1421 1288 1493 1318 Inv.
1524 1286 1548 1327 I,
1576 1286 1632 1328 22,
1672 1296 1733 1318 ne(-

221 1350 264 1381 de
291 1359 338 1381 or.
368 1349 411 1388 11,
440 1347 520 1381 321.
559 1347 672 1386 Quint.
702 1349 761 1383 IV.
794 1349 823 1382 l.
851 1349 872 1382 6
904 1350 1025 1381 eadem
1060 1349 1231 1380 divisione
1266 1348 1373 1379 relata
1407 1346 1572 1378 inutiliter
1605 1346 1762 1378 adscri-.

220 1408 287 1439 bit:
313 1400 554 1450 ‘personarum
580 1417 647 1439 non
673 1413 741 1449 est,
769 1413 802 1438 ut
824 1407 979 1450 plerique
1005 1407 1240 1444 crediderunt,
1273 1405 1400 1448 triplex
1424 1410 1554 1437 tantum
1578 1405 1664 1436 ratio
1692 1415 1735 1435 ex

221 1467 393 1510 litigatore
419 1472 448 1499 et
475 1466 675 1499 adversario
703 1472 733 1498 et
760 1467 886 1504 iudice,
915 1476 991 1497 nam
1020 1465 1201 1497 exordium
1227 1464 1304 1495 duci
1332 1472 1398 1495 non
1420 1473 1605 1505 numquam
1632 1464 1733 1495 etiam

222 1526 264 1558 ab
290 1531 404 1558 actore
430 1534 555 1557 causae
582 1517 678 1557 solet'
707 1525 804 1566 quasi
830 1524 885 1556 hic
912 1534 977 1556 non
1006 1524 1172 1556 vicariam
1199 1534 1255 1556 reo
1285 1533 1425 1566 operam
1453 1528 1616 1565 praestet.
1705 1528 1731 1553 9.

220 1585 255 1616 51
281 1588 476 1617 nostrum
508 1601 555 1605 —
582 1582 873 1616 laudabimus.
915 1583 960 1615 cf.
998 1584 1159 1614 Anaxim.
1197 1582 1252 1616 73.
1284 1582 1337 1614 14.
1382 1581 1495 1619 Quint.
1524 1583 1582 1618 lv,
1620 1582 1648 1617 Ι,
1680 1582 1731 1615 13.

223 1642 292 1675 Cio.
323 1653 357 1686 p.
386 1642 422 1675 S.
450 1643 551 1676 Rosc.
582 1641 613 1673 1.
642 1641 720 1673 Div.
748 1642 781 1673 in
811 1641 909 1674 Caec.
941 1643 973 1677 2.
1073 1648 1115 1673 12).
1145 1641 1315 1683 aliquid
1336 1654 1390 1671 z:
1416 1641 1531 1682 aliqua
1557 1651 1600 1672 ex
1625 1648 1733 1684 parte.

224 1701 294 1733 vid.
325 1701 426 1733 Halm
453 1701 497 1733 ad
523 1699 591 1732 Cic.
619 1710 653 1742 p.
683 1699 771 1732 Sest.
803 1701 857 1735 10.
886 1720 932 1723 ——
983 1707 1026 1733 14.
1056 1701 1098 1733 cf.
1129 1702 1242 1739 Quint.
1274 1700 1330 1733 IV.
1362 1700 1392 1737 1,
1419 1700 1475 1732 27.
1504 1698 1572 1730 Cic.
1602 1711 1635 1742 p.
1663 1701 1733 1732 Mil.

221 1761 244 1790 4
270 1769 321 1800 sq.
345 1777 392 1781 —-
441 1765 486 1793 15.
515 1758 559 1790 cf.
589 1758 701 1796 Quint.
732 1760 789 1801 lv,
819 1760 850 1796 1,
878 1757 934 1791 33.
964 1760 1144 1799 sententia,
1173 1770 1267 1791 rcum
1296 1760 1328 1791 in
1355 1759 1433 1791 aliis
1460 1768 1558 1801 spem
1584 1759 1736 1792 noluisse

221 1816 361 1857 habere,
389 1827 495 1860 saepe
521 1817 704 1858 invenitur,
731 1823 767 1848 ut
794 1827 875 1860 aput
905 1818 1047 1861 Antiph.
1078 1820 1102 1857 Ι,
1131 1820 1165 1853 4,
1195 1819 1254 1857 VI,
1290 1818 1339 1851 10.
1369 1818 1449 1860 Lys.
1480 1820 1538 1857 ΙΙΙ,
1566 1820 1654 1851 ’2.-
1693 1824 1733 1851 17.

222 1875 257 1906 si
290 1885 360 1908 eos
392 1876 434 1907 in
466 1875 610 1907 odium
642 1877 683 1907 in
724 1877 935 1909 invidiam
972 1878 1011 1908 111
1051 1878 1418 1920 contemptionem
1455 1876 1733 1911 adducemus,

221 1942 289 1965 non
321 1932 424 1975 plane
457 1934 615 1966 convenit
643 1935 803 1966 Anaxim.
835 1935 892 1975 67,
922 1935 954 1975 3,
991 1937 1046 1977 qui
1082 1929 1202 1977 ὀργὴν
1238 1930 1396 1976 φθόνον
1434 1930 1581 1977 ἔχθραν
1615 1936 1650 1966 111
1677 1935 1737 1967 ad-

222 1991 394 2023 versarios
422 1991 566 2023 excitari
592 1992 676 2030 vult,
704 2002 766 2023 nec
793 1994 963 2025 Isocrates
996 1995 1071 2033 XV,
1096 1993 1137 2026 31
1169 1989 1311 2035 ἔχθρας
1339 1994 1413 2026 loco
1440 1994 1588 2026 afferens
1612 1995 1734 2035 μῖσος,

224 2055 257 2081 at
283 2049 402 2081 Cicero
429 2059 540 2092 paene
566 2050 609 2082 ad
635 2050 778 2082 verbum
800 2053 912 2087 luxui,
930 2054 994 2086 22:
1024 2053 1237 2094 eandemque
1264 2053 1472 2085 divisionem
1500 2053 1602 2085 habet
1622 2052 1734 2091 Quint.

222 2109 281 2147 IV,
299 2108 330 2147 1,
352 2108 406 2140 14.
434 2109 594 2151 exempla
620 2110 687 2142 sint
711 2111 814 2152 primi
840 2111 977 2152 generis
1004 2122 1047 2142 ex
1073 2112 1189 2143 multis
1212 2112 1406 2151 Isae.VIII,
1427 2112 1530 2145 2—4.
1558 2111 1735 2143 Demosth.

222 2168 350 2206 XVIII,
384 2168 438 2203 16.
467 2168 613 2207 XXXV,
644 2168 674 2202 1.
705 2168 774 2202 Cic.
804 2179 838 2211 p.
866 2169 901 2201 S.
931 2170 1030 2202 Rosc.
1059 2170 1092 2212 6,
1119 2169 1172 2203 13.
1200 2188 1246 2194 —
1267 2170 1301 2202 si
1328 2171 1582 2212 potentiam.
1611 2171 1737 2202 mentio

223 2228 317 2268 eius,
360 2233 412 2261 set
439 2237 507 2260 non
535 2227 568 2258 in
597 2228 773 2269 prooemio
810 2228 980 2259 invenitur
1005 2235 1086 2270 aput
1113 2228 1181 2260 Cic.
1209 2240 1244 2272 p.
1277 2229 1361 2260 Mur.
1391 2227 1447 2261 59.
1477 2221 1571 2261 ‘nolo
1598 2238 1738 2261 accusa—

222 2293 274 2320 tor
299 2287 334 2319 in
359 2285 528 2319 iudicium
552 2287 741 2328 potentiam
768 2282 925 2320 adferat’.
978 2286 1019 2318 fa
1032 2287 1223 2318 ctionem
1250 2287 1445 2318 divitias.
1470 2292 1652 2328 utrumque
1678 2288 1738 2318 tri-

222 2346 339 2379 buitur
375 2356 395 2377 a
421 2345 586 2379 Cicerone
612 2344 711 2376 Verri
739 2345 763 2383 I,
792 2344 824 2383 8,
854 2345 909 2377 15.
938 2356 957 2377 a
981 2345 1078 2377 Dem.
1110 2345 1235 2377 Midiae
1262 2345 1358 2383 XXI,
1388 2345 1454 2378 138
1476 2357 1552 2387 sqq.
1581 2344 1635 2378 hic
1662 2347 1736 2387 quin

225 2405 303 2436 dem
329 2409 426 2436 extra
452 2403 679 2446 prooemium.
732 2402 1029 2443 eloquentiam
1055 2403 1189 2436 duobus
1216 2404 1316 2437 codd.
1344 2405 1614 2447 suppeditatam,
1642 2416 1661 2436 a
1680 2405 1735 2437 Ci-

224 2472 360 2501 cerone,
387 2461 478 2502 quod
503 2461 654 2499 mireris,
691 2461 858 2494 omissam
886 2461 957 2492 Inv.
987 2462 1014 2498 I,
1040 2461 1083 2493 22
1111 2461 1223 2500 Quint.
1254 2473 1320 2495 non
1346 2463 1497 2507 neglexit
1526 2464 1583 2501 IV,
1613 2464 1645 2503 1,
1673 2463 1732 2495 11:

219 2513 338 2551 ‘etiam
363 2520 474 2562 partis
501 2519 666 2552 adversae
692 2524 856 2562 patronus
883 2519 977 2552 dabit
1010 2521 1153 2553 exordio
1181 2523 1376 2554 materiam:
1411 2523 1546 2554 interim
1574 2533 1649 2555 cum
1675 2522 1735 2554 ho-

225 2587 325 2617 nore,
353 2578 383 2609 si
408 2577 638 2619 eloquentiam
665 2579 738 2610 eius
767 2589 807 2610 ac
832 2580 977 2621 gratiam
1004 2589 1065 2611 nos
1092 2581 1210 2612 timere
1241 2580 1413 2623 tingendo,
1441 2586 1476 2612 ut
1510 2591 1550 2612 ea
1574 2586 1733 2623 suspecta

225 2637 293 2669 sint
311 2636 430 2675 iudici,
457 2630 670 2670 fecerimus'.
724 2638 836 2679 itaque
864 2638 921 2679 qui
948 2648 984 2669 se
1018 2638 1183 2677 defendit,
1212 2639 1348 2671 iubetur
1374 2640 1416 2671 ab
1436 2641 1648 2673 Anaximene
1675 2641 1731 2677 55,

225 2695 270 2728 25
296 2688 364 2731 τὰς
396 2687 613 2732 ἐλαττώσεις
639 2691 770 2737 φέρειν
797 2690 934 2737 λέγων·
971 2688 1021 2732 ὡς
1048 2688 1093 2727 οὗ
1120 2692 1312 2739 δεινότητι
1338 2693 1527 2730 πιστεύων
1556 2691 1732 2738 ἀνέστην.

225 2753 270 2785 cf.
298 2754 400 2785 etiam
427 2754 549 2795 Apsin.
579 2754 638 2793 IX,
665 2753 747 2788 473.
777 2754 844 2785 tale
869 2759 919 2785 est
944 2755 1159 2796 prooemium
1186 2754 1400 2792 Quintianae.

317 2809 351 2854 9,
379 2817 407 2842 2.
449 2810 517 2845 Iris
545 2813 823 2847 adiumentis.
877 2811 922 2846 cf.
950 2813 1091 2846 Aristot.
1120 2812 1184 2844 Rh.
1213 2815 1238 2852 I,
1264 2814 1317 2853 1⁶2,
1345 2816 1378 2851 2,
1405 2814 1486 2855 Lp.
1515 2811 1643 2849 XXIX,
1673 2811 1731 2843 12:

225 2864 368 2908 μᾶλλον
385 2862 427 2899 δὲ
447 2868 754 2910 προσεποιοῦντο
776 2865 969 2902 πιστεύειν
986 2870 1069 2907 τοῖς
1089 2865 1281 2912 χρήμασιν
1303 2863 1328 2912 ἢ
1348 2866 1516 2902 δεδιέναι
1543 2865 1588 2901 τα
1607 2866 1736 2902 αὑτοῖν

224 2917 488 2966 ἁμαρτήματα.
584 2935 611 2959 5.
664 2928 710 2962 cf,
746 2928 907 2959 Anaxim.
942 2927 999 2965 73,
1035 2928 1088 2961 18.
1140 2927 1260 2969 Apsin.
1289 2929 1349 2966 IX,
1376 2929 1444 2961 2168
1479 2939 1517 2960 ac
1549 2929 1735 2972 praecipue
