1923 3182
802 173 1008 212 NOTAE.
1576 173 1659 217 297

151 281 311 325 exempla
337 281 380 315 cf.
412 282 509 315 Dem.
536 284 609 323 XII,
636 283 671 324 9,
702 284 798 324 XIX,
830 286 906 324 104,
934 286 1003 319 Cic.
1031 298 1065 329 p.
1090 287 1126 319 S.
1156 288 1257 321 Rosa.
1293 288 1355 322 145
1382 300 1415 332 p.
1446 290 1531 323 Rab.
1564 291 1655 325 Post.

147 340 192 374 45
208 350 260 381 sq.
286 358 333 364 —
370 347 411 374 15.
445 343 564 376 dicto
599 350 731 385 atque
766 352 863 377 nutu
898 347 1075 389 parebo.
1135 348 1184 379 sic
1217 354 1300 390 aput
1332 348 1430 381 Serv.
1465 350 1509 382 ad
1548 350 1653 394 Verg.

148 398 234 434 Aen.
262 400 361 439 VllI,
387 399 456 433 696
482 407 597 434 narrat
624 403 802 445 Augustus
823 396 1026 437 ‘Antonium
1055 406 1220 445 iussisse,
1261 412 1296 439 ut
1324 408 1478 450 legiones
1500 420 1581 442 suae
1607 430 1654 436 -—-

145 456 385 501 (Cleopatrae)
414 465 495 491 nutu
524 466 555 492 ct
578 461 674 493 iussu
694 455 862 504 parerent’
890 470 920 495 ct
947 474 1005 506 ap.
1030 464 1104 495 Liv.
1126 465 1185 503 IX,
1212 464 1257 498 32
1284 472 1335 497 est
1357 461 1462 499 ‘dleto
1490 463 1649 511 paretnr'.

145 526 201 560 ap.
230 517 340 550 Plaut.
370 518 459 550 Men.
487 520 555 552 248
582 520 725 563 legerim
751 514 894 553 ‘dictum
927 522 1081 555 facessas
1105 529 1205 565 atque
1230 525 1290 556 tibi
1315 536 1438 559 caveas
1466 521 1578 561 malo'.

241 609 320 650 169,
347 614 375 645 4,
403 611 626 644 dubitatio
659 624 717 656 ap.
756 614 825 647 Cic.
855 616 896 648 de
924 627 974 650 or.
1005 617 1067 656 111,
1095 618 1175 656 203,
1204 619 1285 658 207,
1315 619 1371 654 (Μ’,
1406 620 1468 654 137
1497 623 1648 657 breviter
1670 628 1716 660 40

143 671 324 706 tractatum
362 669 483 703 Graeci
517 670 676 713 plerique
707 666 944 715 διαπόρησιν
981 681 1124 713 vocant,
1161 684 1196 709 ut
1224 678 1423 711 Alexander
1449 681 1544 720 vttt,
1572 685 1654 722 454,

144 724 260 757 T'tber.
289 726 369 766 533,
399 729 516 770 Aquil.
547 729 646 765 Rom,
676 730 701 769 1,
731 730 790 769 10;
817 731 923 766 Rutil.
956 734 995 767 ll.
1031 734 1070 767 10
1095 728 1280 777 ἀπορίαν.
1332 736 1445 776 Quint.
1478 740 1534 779 tx,
1558 741 1590 780 3,
1607 742 1652 775 88

144 782 285 822 eodem,
312 795 378 826 quo
404 786 534 823 Cornii,
563 788 623 831 (6)
652 789 814 833 exemplo
837 791 960 829 utitur,
992 792 1094 825 (lucto
1121 804 1163 825 (x
1192 795 1289 829 Dem.
1320 795 1451 836 xxm,
1481 800 1544 840 20,
1569 811 1652 834 non

143 840 228 873 nihil
255 847 369 876 tamen
396 851 544 885 mutat03
578 847 650 879 illic
683 848 774 880 enim
807 848 892 882 llaec
930 858 1007 883 sunt
1034 852 1157 884 vzerba
1191 850 1231 884 τί
1266 863 1337 885 ουν
1363 856 1651 898 συνηγωνισατο

141 891 245 943 αὐτῷ
271 895 369 943 πρὸς
391 897 434 935 τὸ
462 902 592 948 λαβεῖν
619 898 750 948 ὀλίγου
777 904 862 938 δεῖν
885 900 1044 947 ἑκόντας
1071 902 1408 978 ἐξαπατωμένιζυςς
1437 908 1459 957 ἦ
1487 914 1563 948 τῶν
1589 911 1652 950 ‹32⁴1-

141 956 216 989 λων
231 952 425 1002 Ελλήνων
451 959 526 995 εἴτε
559 958 629 1006 χρὴ
660 963 800 996 κακίαν
832 959 898 997 εἷ”τ
925 959 1088 1009 ἄγνοιαν
1115 966 1190 1000 εἴτε
1226 966 1290 1001 καὶ
1320 963 1521 1015 ἀμφότερα
1547 971 1649 1009 ταῦτ’

138 1011 274 1049 εἰπεῖν.
373 1025 399 1053 8.
427 1020 491 1053 hoc
517 1032 653 1064 quoqne
679 1024 878 1067 exemplum
905 1026 1057 1058 indidem
1087 1034 1138 1060 est
1164 1028 1260 1060 (leiiv
1264 1036 1356 1062 atum
1383 1031 1448 1069 tn«
1454 1043 1496 1068 m
1521 1034 1583 1066 XX
1591 1037 1648 1076 Ill,

139 1075 223 1118 ·2·2;)
250 1088 377 1121 graeca
404 1079 463 1112 illa
489 1088 678 1113 monstrare
703 1089 862 1124 possunt,
891 1084 1110 1118 Cotnisicium
1138 1096 1199 1118 nee
1220 1081 1384 1128 “quac-10,
1414 1101 1490 1124 nam
1517 1104 1582 1135 quo
1608 1089 1648 1128 te'

139 1136 343 1179 scripsisse,
378 1148 440 1171 nec
476 1149 554 1171 nam
584 1151 650 1182 quo
684 1133 725 1173 te’
752 1149 803 1174 set
846 1152 994 1184 quonam
1021 1136 1063 1176 te’
1099 1151 1250 1178 cetetum
1276 1146 1330 1179 his
1354 1149 1515 1183 addimus
1543 1154 1645 1190 lsocr

137 1193 231 1233 VIII,
257 1193 314 1234 38,
342 1195 412 1229 Cle.
440 1208 475 1240 p.
501 1198 593 1232 Cael
614 1200 671 1234 67.
708 1199 818 1242 nigns
844 1211 1014 1234 summum
1038 1209 1087 1235 est
1115 1204 1148 1235 in
1175 1204 1388 1240 dubitatione
1410 1219 1444 1252 p
1466 1210 1557 1243 dom.
1585 1213 1648 1247 113

147 1258 325 1295 pattemne
349 1255 523 1299 appellem
550 1267 592 1288 an
620 1251 767 1290 filium‘3'
893 1266 934 1292 10.
967 1262 1219 1305 expeditio.
1273 1275 1293 1296 a
1320 1264 1481 1300 Cicerone
1517 1271 1589 1305 lnv,
1620 1274 1646 1312 I

134 1311 181 1342 44
224 1312 345 1344 eadem
383 1312 495 1347 forma
531 1318 838 1359 argumentationis
883 1318 1008 1352 dicum
1042 1324 1272 1355 enumerati0:
1309 1318 1357 1356 in
1395 1337 1461 1367 qua
1488 1329 1646 1371 plmibus

135 1370 237 1402 rebus
273 1373 444 1414 expositis
479 1379 510 1405 et
542 1375 664 1406 ceteris
700 1375 880 1409 infirmius
914 1388 981 1410 nna
1021 1380 1150 1412 relicua
1186 1383 1380 1415 necessu-io
1417 1387 1645 1421 couniuntur

135 1428 212 1471 Ipso
239 1430 377 1462 nomine
401 1431 617 1474 significatui
641 1433 757 1468 Dirin
785 1435 818 1466 in
847 1435 945 1471 Caec.
967 1438 1011 1469 45
1036 1431 1160 1479 qnid'
1183 1451 1286 1481 quom
1309 1445 1539 1477 accusationis
1568 1452 1644 1481 tuae

133 1487 288 1520 membra
315 1488 472 1522 dividere
499 1493 650 1534 coeperit
674 1498 706 1524 et
738 1493 772 1524 in
799 1493 920 1536 digitis
947 1496 1020 1529 suis
1050 1498 1206 1541 singulas
1232 1502 1341 1543 partis
1369 1512 1492 1536 causac
1519 1508 1645 1538 consti-

133 1546 255 1577 tuere?
282 1546 390 1587 quid?
421 1558 524 1590 quom
550 1560 655 1582 unum
682 1551 833 1592 quidque
857 1554 1050 1597 transigere
1077 1558 1242 1600 expedire
1277 1555 1501 1603 apsolvere?'
1553 1565 1643 1598 adde

137 1604 228 1638 Brut.
260 1604 340 1640 154,
376 1605 489 1644 Quint.
518 1609 560 1647 V,
588 1609 649 1646 10,
680 1609 725 1642 66
747 1610 899 1652 appellat
927 1620 1207 1656 argumentorum
1236 1628 1345 1659 genus
1372 1630 1414 1650 ex
1441 1624 1642 1661 remotione,

131 1672 198 1704 quo
224 1664 332 1697 modo
359 1664 509 1698 efficitur
534 1671 641 1698 totum
668 1667 816 1707 falsum,
850 1670 951 1703 modo
979 1672 1033 1711 id,
1060 1674 1151 1713 qnod
1179 1676 1402 1718 relinquitur,
1435 1690 1568 1716 verum.
1600 1684 1642 1716 de

132 1723 254 1756 eodem
281 1724 353 1767 agit
387 1724 469 1764 VII,
507 1725 545 1765 l,
581 1724 637 1757 31.
674 1727 851 1759 Aristoteli
881 1727 936 1760 hic
963 1736 1010 1761 est
1041 1731 1135 1765 locus
1162 1726 1202 1764 ἐκ
1229 1732 1449 1777 διαιρέσεως
1474 1739 1571 1773 Rhet.
1602 1743 1641 1779 ΙΙ,

129 1780 188 1822 23,
217 1781 279 1821 10;
307 1783 520 1826 exemplum,
551 1784 584 1815 ln
611 1795 677 1826 quo
706 1796 786 1817 vcra
809 1787 894 1818 ratio
918 1787 1057 1829 siletur,
1085 1797 1135 1823 est
1162 1802 1218 1835 ap.
1248 1794 1383 1826 Isaeum
1415 1797 1453 1836 V,
1481 1798 1545 1838 43,
1574 1801 1642 1833 alia

129 1841 286 1873 invenies
320 1840 418 1873 Dem.
454 1841 556 1881 XIX,
592 1841 638 1875 92
672 1854 749 1884 sqq
780 1845 844 1877 221
878 1857 953 1887 sqq.
988 1847 1058 1880 Cic.
1090 1860 1125 1892 p.
1154 1850 1189 1882 S.
1218 1852 1318 1884 Rosc.
1354 1853 1399 1886 39
1425 1867 1500 1897 sqq.
1538 1869 1571 1900 p,
1601 1860 1638 1897 Q.

129 1899 234 1932 Rosc.
266 1898 307 1932 13
335 1906 368 1932 et
392 1910 448 1943 ap.
477 1901 662 1943 Apsinem,
691 1902 749 1934 ubi
777 1904 1006 1946 amplificatur
1033 1906 1128 1940 locus
1156 1910 1339 1943 Aeschinis
1366 1914 1430 1952 Ill,
1456 1915 1544 1955 230;
1581 1917 1638 1960 IX,

129 1955 210 1991 549.
264 1957 312 1989 ihi
340 1956 526 2001 legendum
549 1952 587 1998 ἐξ
612 1952 772 2002 αγνοιάς
798 1956 840 1993 τὸ
864 1957 1052 2006 ψήφισμα
1078 1959 1260 2009 ἁμαρτών
1284 1965 1450 2012 ἔγραψεν
1475 1965 1501 2016 ἢ
1525 1967 1640 2017 ἀναγ-

128 2023 318 2053 κασαντος
347 2008 469 2049 αὐτόν
500 2026 626 2057 τινος;
679 2023 723 2051 12.
758 2020 800 2052 de
832 2024 1055 2063 possessione
1088 2035 1275 2059 xacnoiurn
1303 2039 1334 2058 ιιι
1325 2039 1465 2070 5rorum
1491 2032 1536 2063 cf.
1564 2033 1636 2067 Cic.

129 2073 172 2106 de
199 2074 267 2117 leg.
296 2084 370 2118 agr.
395 2075 455 2115 III,
482 2076 538 2111 12.
566 2095 614 2101 —
663 2083 707 2111 16.
737 2079 865 2111 etiam
888 2090 994 2113 nune
1022 2081 1058 2114 h.
1087 2094 1117 2117 e.
1142 2090 1327 2128 postquam
1352 2087 1514 2129 prohibui
1538 2101 1638 2134 prae-

127 2134 239 2166 sentia
262 2144 359 2173 mea,
384 2144 427 2166 ne
452 2135 526 2167 iure
549 2145 671 2178 agrum
696 2137 911 2179 possideres.

222 2213 301 2253 170,
326 2220 353 2247 3.
383 2214 532 2249 facere
557 2227 600 2249 ex
621 2210 718 2250 fere'
746 2218 821 2251 fieri
845 2221 977 2262 potuit,
1002 2226 1038 2252 nt
1064 2222 1096 2253 in
1124 2224 1200 2257 cod.
1225 2224 1245 2255 h
1272 2225 1329 2267 51,
1357 2226 1390 2260 3.
1418 2247 1466 2250 —
1491 2236 1518 2261 5.
1548 2231 1632 2263 dis-
1658 2235 1700 2268 41

125 2272 319 2306 solutum
345 2278 508 2306 tractatur
533 2286 553 2307 a
577 2275 645 2311 Cic
667 2277 759 2312 Par.t
781 2279 837 2316 21,
857 2277 914 2313 Or
946 2279 1022 2319 135,
1051 2281 1164 2320 Quint.
1188 2283 1248 2324 IX,
1268 2283 1301 2322 3,
1323 2286 1368 2320 50
1397 2288 1511 2329 Aquil
1532 2290 1631 2323 Rom.

123 2331 165 2369 II,
196 2329 250 2370 19,
277 2332 336 2373 qui
357 2325 533 2366 solutum'
560 2336 722 2370 nominat
775 2337 845 2368 vim
866 2336 970 2370 huius
993 2338 1124 2382 figurae
1149 2342 1259 2383 apetit
1286 2343 1551 2382 Aristot.Rl1et.
1576 2349 1622 2380 III

125 2388 180 2428 12,
208 2389 252 2421 cf.
281 2396 462 2432 praeterea
485 2392 648 2436 Hermog.
676 2394 779 2437 Prog.
814 2396 846 2434 I,
887 2395 948 2434 18,
983 2397 1084 2430 Alex,
1112 2399 1212 2439 VIII,
1236 2400 1324 2439 469,
1352 2403 1430 2438 Tib
1456 2405 1536 2440 566.
1567 2407 1634 2439 He-

122 2447 256 2482 rodian.
291 2447 373 2483 607.
399 2467 446 2473 —
495 2456 540 2485 12
577 2453 808 2494 praecisio
844 2453 1052 2487 describitur
1085 2467 1105 2488 a
1135 2457 1205 2492 Cic,
1243 2460 1300 2494 Or
1330 2456 1432 2493 138
1438 2469 1473 2494 ut
1499 2464 1634 2506 aliquid

121 2506 266 2538 reticere
292 2516 330 2539 se
353 2500 453 2539 dicat'
477 2508 558 2540 inde
585 2505 822 2552 explicanda
828 2507 1018 2546 reticentia'
1046 2515 1088 2547 de
1119 2526 1168 2548 or.
1198 2518 1264 2557 ΙΙΙ,
1304 2519 1392 2560 205,
1427 2533 1527 2563 quam
1557 2525 1633 2565 qui-

121 2565 201 2597 dam
228 2563 316 2596 falso
344 2565 609 2600 occultationem
636 2567 842 2606 habuerunt,
895 2570 1008 2610 Quint.
1038 2573 1105 2613 IX,
1132 2574 1172 2615 3,
1206 2576 1252 2609 58
1277 2577 1367 2611 hane
1398 2579 1545 2624 figuram
1572 2593 1631 2614 no-
1654 2606 1659 2610 ι

121 2623 230 2655 minat
255 2623 516 2665 synecdochen,
544 2626 613 2669 ipsi
639 2626 761 2660 Glaeei
788 2621 1076 2673 ἀποσιώπησιν,
1102 2639 1138 2666 ut
1164 2635 1266 2670 Alex.
1295 2638 1387 2676 VIII,
1414 2640 1485 2672 450
1512 2641 1629 2673 Tiber.

120 2680 204 2716 536.
236 2681 388 2716 Demetr.
419 2683 486 2723 IX,
522 2684 600 2718 106.
636 2685 798 2720 Anaxim.
833 2689 891 2728 47,
924 2690 987 2733 21,
1021 2691 1080 2724 ubi
1108 2687 1155 2724 τὰ
1186 2686 1321 2726 ἀστεῖα
1355 2701 1494 2732 tractat
1531 2698 1630 2729 affe-it

120 2740 224 2772 etiam
250 2739 332 2772 hoc:
365 2733 412 2772 τὰ
445 2733 702 2785 ἐνθυμήματα
738 2741 918 2788 λέγοντας
949 2742 1069 2792 ἡμίση
1096 2751 1164 2794 (sc
1193 2750 1258 2784 δεῖ
1279 2750 1436 2796 λέγειν),
1464 2746 1558 2786 ὥστε
1584 2749 1626 2786 τὸ

118 2790 237 2840 ἥμισυ
274 2790 415 2836 αὖτοὺς
453 2793 743 2846 υπολαμβοένειν
778 2799 869 2843 τούς
904 2801 1133 2846 ακούοντας.
1197 2812 1396 2854 exemplum
1429 2811 1626 2852 frequenter

118 2856 296 2889 laudatum
321 2857 464 2900 praebet
489 2859 588 2896 Dem.
618 2861 752 2901 XVIII,
779 2862 820 2905 3,
849 2865 938 2897 adde
970 2866 1100 2899 ibidem
1129 2867 1214 2907 195,
1247 2875 1278 2901 et
1306 2868 1374 2900 Cic.
1401 2879 1436 2911 p.
1466 2869 1538 2904 Mil.
1564 2869 1621 2903 33.

118 2932 166 2937 --
214 2919 259 2948 14.
291 2925 367 2958 par
399 2919 590 2950 certatio
624 2920 760 2952 mireris
796 2931 864 2953 non
898 2930 1076 2966 receptum
1102 2936 1178 2959 esse
1203 2927 1238 2958 in
1264 2927 1512 2959 recentioribus
1536 2929 1615 2964 edd.
