1907 3166
263 163 348 205 306
901 164 1117 200 NOTAE.

263 277 421 309 omnibus
449 276 588 309 definita
616 285 727 315 mors,
754 275 943 318 optandum
970 285 1045 307 esse
1068 280 1103 306 ut
1129 275 1211 314 vita,
1239 286 1326 317 quae
1352 277 1553 310 necessitati
1578 276 1772 315 deberetur,

265 337 397 378 patriae
419 336 534 379 potius
561 335 705 376 donata,
733 345 836 376 qnam
861 340 1036 367 reservata
1055 340 1196 366 naturae
1216 329 1429 369 vide1·etur?'
1457 337 1572 380 pergit
1589 334 1660 369 Cic.
1681 334 1767 370 ibid.

266 395 544 438 praeceptionem
570 393 659 426 lianc
686 395 802 435 sequi,
832 400 868 426 ut
894 394 948 426 vel
979 393 1075 426 Decii
1101 393 1222 426 afferat
1248 394 1446 438 exemplum
1469 396 1489 436 §
1514 394 1579 434 48;
1614 392 1702 437 (quo
1728 393 1774 426 ad

265 454 428 486 mirificas
455 454 601 496 ineptias
627 452 878 485 Pseudoeicero
907 453 949 485 de
976 453 1068 488 dom.
1095 454 1115 494 ὃ
1134 454 1179 486 6-1
1206 453 1373 497 abutitur)
1398 453 1662 488 similitudinem
1688 462 1773 494 quo—

267 524 333 555 que
357 523 423 545 non
453 511 554 555 longe
580 518 745 544 remotum
772 511 913 544 adhibet
946 513 966 554 §
992 513 1036 544 45
1064 505 1111 545 ‘si
1141 512 1226 545 milii
1252 513 1286 545 in
1312 513 1429 555 aliqua
1451 514 1531 546 navi
1558 531 1604 537 -
1625 518 1661 545 ut
1682 517 1774 545 cete-

266 582 321 605 ros
348 564 611 604 conservareni'.
664 570 701 614 (e
727 572 897 604 contrario
925 571 1084 604 Pisonem
1123 572 1205 604 facit
1229 578 1434 605 statuentem
1457 572 1500 605 de
1526 571 1695 615 sapientis
1721 570 1773 604 of-

263 631 340 663 sscio
366 642 401 675 p.
429 630 520 664 Sest.
545 629 624 672 23.)
707 638 735 667 5.
771 631 811 662 in
835 641 916 672 qua
942 648 987 653 --
1010 632 1273 666 continetur.
1324 631 1512 665 simillume
1539 630 1611 666 Cic.
1637 629 1700 665 Ph.
1726 629 1772 670 V,

265 691 287 725 6
303 684 361 723 ‘an
387 695 500 733 potest
525 691 686 733 cognatio
712 689 782 722 ulla
807 691 949 733 propior
976 700 1051 722 esse
1078 701 1180 732 quam
1206 691 1358 734 patriae,
1385 691 1419 723 in
1438 701 1505 733 qna
1526 691 1630 724 etiam
1650 698 1775 733 parcn—

267 759 317 784 tes
342 743 597 783 coiitlilelitur?’

198 809 243 841 58
367 808 446 848 104,
475 814 501 843 1.
537 807 701 840 cotidie
736 809 874 851 magis
908 809 1137 843 enitescit.
1197 808 1242 844 cf,
1279 808 1412 842 similia
1436 819 1492 853 ap.
1521 808 1592 843 Cio.
1620 818 1654 851 p.
1685 807 1775 840 Mat·-

267 867 354 900 cello
393 867 453 906 ll,
489 866 551 900 Ph.
585 865 679 905 XIV,
717 865 762 899 33
794 877 845 908 sq.
880 884 927 889 —-
982 871 1011 897 8.
1040 877 1122 908 qua
1155 877 1197 899 re
1229 868 1462 900 conveniet
1494 885 1542 890 —
1569 865 1771 899 secundo.

267 926 352 959 liaeo
379 926 434 959 vel
461 926 688 969 ineptissuma
715 925 937 958 distinctione
962 927 1048 958 inter
1076 919 1269 959 ‘adhibere’
1295 933 1327 960 et
1349 919 1423 960 ‘uti’
1450 926 1600 970 produnt
1626 925 1774 959 alienam

266 986 454 1030 originem,
483 991 661 1028 praeterea
688 984 776 1016 mule
804 984 932 1016 dictum
960 991 1010 1017 est
1038 992 1162 1018 extra
1189 996 1382 1023 causam,
1409 986 1468 1018 ubi
1495 985 1680 1027 requiritur
1703 993 1777 1017 ex-

265 1051 331 1076 tra
356 1045 591 1076 veritatem
619 1049 649 1075 et
677 1043 795 1075 addito
820 1044 860 1075 in
889 1044 1140 1077 exercendo
1172 1044 1274 1087 plane¹
1298 1044 1468 1083 ubundat3
1501 1050 1572 1077 tum
1597 1053 1666 1076 non
1690 1047 1774 1082 crat,

268 1113 327 1134 cur
354 1103 396 1135 de
424 1104 720 1146 argumentatione
750 1102 874 1134 librum
900 1103 1090 1135 secundum
1118 1103 1291 1142 laudaret,
1319 1104 1467 1145 denique
1491 1108 1561 1136 tota
1586 1102 1775 1136 admonitio

267 1162 502 1201 incommoda,
541 1169 724 1205 postquam
759 1163 907 1204 scriptor
944 1163 1180 1205 pronuntiavit
1220 1163 1396 1197 studiosos
1431 1173 1493 1206 pcr
1523 1160 1775 1205 expolitionem

265 1231 425 1253 maxume
452 1222 606 1254 exerceri
633 1221 676 1254 nd
706 1221 913 1254 elocutionis
941 1221 1156 1254 fucultatem:
1190 1228 1280 1254 recte
1307 1222 1413 1265 igitur
1439 1222 1506 1254 iani
1534 1220 1663 1253 Seliiitz
1689 1219 1775 1253 haec

264 1280 503 1324 interpolatori
532 1281 664 1313 tribuit.
765 1287 808 1313 ¹2.
837 1281 1107 1314 conmoratio
1134 1280 1324 1313 illustratur
1349 1291 1369 1312 a
1392 1280 1463 1315 Cic.
1486 1280 1529 1313 de
1550 1291 1598 1314 or.
1622 1280 1664 1319 11,
1691 1278 1773 1319 292,

265 1338 381 1378 Quint.
415 1340 458 1379 V,
499 1340 556 1379 12,
586 1342 619 1374 4.
643 1340 824 1383 *liei-mog.
860 1349 899 1372 π.
935 1335 985 1371 ίδ.
1023 1339 1110 1378 266,
1144 1340 1188 1372 23
1222 1340 1307 1378 ταῖς
1332 1357 1379 1363 -
1404 1331 1610 1382 ἑπιμοναῖς
1635 1331 1693 1381 ἐφ’
1720 1329 1775 1371 ὦν

262 1393 444 1442 ἰσχύομεν
472 1393 706 1442 πραγμάτων
732 1393 928 1441 χρώμεθα,
956 1399 1071 1431 laudat
1100 1399 1189 1431 idem
1219 1399 1397 1434 Demostli.
1425 1398 1518 1439 XIX,
1538 1397 1596 1435 63.
1625 1408 1776 1432 commo-

263 1461 430 1492 rationem
457 1465 601 1491 excusat
628 1458 772 1501 Antipli.
797 1458 839 1497 V,
867 1458 912 1491 46
938 1476 985 1481 —-
1011 1453 1064 1500 μή
1084 1467 1148 1501 μοι
1175 1451 1362 1502 ἄχθεσθε,
1388 1450 1437 1490 ἂν
1463 1451 1565 1502 ὑμᾶς
1590 1452 1775 1496 πολλάκις

263 1511 383 1550 ταύτὰ
409 1512 570 1558 διδάξω.
670 1523 714 1553 16.
743 1518 806 1550 etsi
833 1518 981 1561 scriptor
1015 1518 1090 1561 ipse
1114 1518 1198 1551 nolit
1231 1528 1407 1562 apponere
1435 1517 1618 1562 exempla,
1653 1516 1775 1551 citabi-

265 1587 341 1610 mus
367 1583 480 1610 tamen
508 1576 687 1612 Demostli.
718 1577 809 1615 xlv,
838 1576 878 1614 3.
912 1578 945 1616 7,
978 1577 1038 1616 10,
1071 1577 1131 1617 1⁴,
1156 1577 1219 1616 37;
1256 1577 1335 1617 XX,
1361 1578 1406 1611 56
1431 1577 1510 1621 (ubi
1537 1581 1650 1609 orator
1674 1585 1775 1619 prae-

265 1636 370 1678 dicit,
404 1638 439 1669 in
469 1647 536 1678 quo
563 1635 637 1669 solo
667 1643 869 1679 argumento
897 1636 1090 1668 adversarii
1118 1636 1360 1669 commoraturi
1386 1634 1472 1677 sint)
1494 1634 1624 1674 XXIV,
1650 1633 1685 1674 9,
1716 1633 1772 1675 16,

264 1696 321 1737 55,
349 1695 407 1736 58,
435 1697 492 1735 72,
521 1697 579 1734 74,
605 1696 663 1734 77,
685 1695 750 1734 00,
782 1694 867 1733 102,
896 1694 980 1733 194,
1014 1695 1082 1727 207
1107 1705 1159 1735 sq.
1188 1693 1234 1729 εἰ.
1263 1694 1306 1726 de
1332 1704 1373 1726 ea
1400 1704 1437 1726 re
1463 1694 1566 1726 etiam
1597 1692 1774 1726 Tlieonem

265 1756 292 1796 I,
322 1754 401 1794 156,
426 1755 618 1795 iterumque
644 1754 805 1796 Hermog.
835 1763 874 1784 π.
906 1748 957 1785 ἰὸ.
987 1752 1067 1786 361.
1103 1770 1150 1775 —
1197 1758 1244 1786 20.
1275 1757 1421 1793 utraque
1447 1752 1676 1785 contentionis
1704 1751 1774 1785 for-

263 1824 319 1846 ma
345 1814 387 1846 ab
413 1814 630 1846 Anaximene
657 1818 817 1844 tractatur
843 1813 898 1853 52,
930 1810 991 1845 13:
1012 1804 1221 1842 ἀντίθετον
1246 1804 1315 1852 μὲν
1337 1800 1409 1842 οὖν
1427 1802 1506 1842 ἐστὶ
1524 1804 1568 1842 τό
1593 1803 1773 1842 ἐναντίαν

262 1866 334 1915 τὴν
368 1867 583 1914 ὀνομασίαν
615 1863 694 1913 ἅμα
723 1867 787 1902 καὶ
823 1865 894 1912 τὴν
921 1864 1091 1912 δύναμιν
1122 1868 1360 1912 (sententiam)
1380 1869 1470 1917 ,τοῖς
1495 1863 1774 1912 ἀντικειμένοις

263 1926 353 1973 ἔχον
380 1922 408 1973 ἦ
432 1925 474 1962 τὸ
504 1925 634 1972 ἕτερον
668 1924 827 1962 τούτων.
892 1929 1132 1973 exemplorum
1165 1939 1329 1961 maxuma
1354 1928 1455 1961 turba
1478 1929 1592 1973 possit
1616 1929 1772 1969 excitari,

265 1990 417 2023 sufficiat
441 1995 554 2022 tamen
580 1988 740 2021 laudasse
762 1988 862 2021 Dem.
898 1989 930 2027 I,
966 1988 1024 2028 217,
1051 1989 1149 2027 VIII,
1183 1988 1248 2027 46,
1275 1987 1409 2027 XVIII,
1438 1987 1526 2029 265,
1553 1987 1655 2028 XIX,
1695 1988 1773 2028 141,

263 2048 360 2087 XXI,
386 2047 445 2086 61,
472 2046 529 2087 73,
557 2046 720 2087 XXXIV,
751 2047 805 2088 12,
834 2046 891 2087 35,
912 2046 984 2080 Cic.
1006 2047 1104 2079 Verr.
1129 2047 1178 2086 11,
1198 2047 1240 2087 5,
1262 2045 1309 2079 38
1330 2056 1365 2090 p.
1385 2045 1474 2082 Sull.
1494 2045 1646 2082 14—20,
1674 2047 1776 2080 resti-

262 2107 390 2140 tuenda
428 2113 479 2140 est
522 2107 696 2140 contentio
727 2117 783 2150 ap.
836 2105 978 2149 Lysiam
1025 2107 1110 2145 vu,
1149 2106 1189 2138 12
1228 2105 1294 2138 sie:
1340 2096 1365 2137 ὅ
1384 2114 1420 2136 τι
1454 2099 1589 2147 κέρδος
1628 2097 1773 2148 ἐγένετο

260 2165 314 2213 τῷ
342 2159 580 2209 ἀφανίσαντι
612 2162 678 2198 καὶ
704 2157 789 2208 ἥτις
813 2163 930 2208 ζημία
955 2165 1009 2210 τῷ
1031 2159 1347 2207 περιποιήσαντι,
1379 2164 1483 2208 volgo
1511 2163 1638 2208 legitur
1662 2158 1775 2208 ποιή-

266 2235 387 2261 σαντι.

198 2284 243 2319 59
365 2283 444 2324 195,
471 2291 498 2317 5.
528 2283 571 2316 de
600 2283 839 2316 similitudinis
866 2282 988 2316 formis
1015 2288 1047 2314 et
1072 2282 1186 2315 causis
1214 2280 1259 2314 cf.
1289 2280 1357 2314 Cic.
1387 2281 1429 2314 de
1453 2291 1503 2317 or.
1523 2281 1582 2320 ΙΙΙ,
1605 2281 1670 2315 157
1695 2291 1772 2324 sqq.

267 2344 377 2377 obiter
398 2354 474 2377 eam
495 2344 605 2387 tangit
630 2343 673 2376 de
699 2353 748 2376 or.
776 2343 836 2382 111,
863 2342 944 2383 205,
973 2341 1030 2377 Or.
1064 2341 1146 2380 138;
1181 2342 1366 2374 discrimen
1394 2342 1482 2374 inter
1510 2340 1772 2374 similitudinem

261 2395 526 2446 (παραβολὴν)
552 2403 740 2445 imaginem
762 2395 883 2445 (εἰκώ)
911 2400 1111 2444 exemplum
1144 2394 1422 2444 (παράδειγμα)
1445 2399 1640 2444 explicatur
1664 2409 1685 2432 a
1709 2399 1773 2432 Mi—

264 2460 411 2493 nuciano
436 2460 496 2500 IX,
523 2460 595 2494 604
621 2467 654 2493 et
680 2461 750 2495 Cic.
781 2462 854 2493 Inv.
884 2461 916 2499 1,
941 2459 1000 2500 49,
1029 2461 1087 2502 qni
1109 2470 1171 2503 pro
1198 2459 1429 2492 similitudine
1454 2458 1636 2502 appellans
1667 2458 1772 2491 colla-

262 2520 391 2552 tionem
417 2518 504 2552 haec
536 2520 602 2551 tria
636 2519 814 2563 subiungit
840 2519 1086 2563 comparabili;
1127 2512 1353 2563 παραβολὴν
1379 2518 1540 2552 similiter
1565 2522 1668 2560 atque
1690 2517 1773 2552 Cor-

263 2577 326 2611 nif.
357 2577 482 2610 dividit
509 2577 675 2620 Polybius
699 2577 799 2610 Sard.
828 2578 919 2617 VIII,
946 2577 1027 2618 612,
1061 2577 1131 2610 alia
1154 2579 1286 2610 ratione
1313 2577 1454 2620 Trypho
1485 2577 1572 2618 750,
1601 2575 1770 2613 Cocondr,

263 2636 345 2671 793.
371 2654 419 2659 —
469 2643 498 2672 6.
526 2647 576 2669 ea
609 2636 795 2670 sumitur
829 2642 899 2668 aut
931 2637 1114 2669 ornandi
1147 2647 1280 2669 causa
1311 2641 1380 2668 aut
1404 2635 1638 2679 probandi.
1686 2635 1773 2669 haec

263 2696 338 2731 sola
361 2700 670 2729 commemorantur
692 2704 712 2726 a
738 2693 852 2732 Quint.
880 2695 923 2734 V,
955 2695 1013 2735 11,
1047 2697 1080 2729 5.
1117 2713 1158 2720 -—
1219 2701 1263 2729 12.
1288 2695 1461 2728 adiectum
1485 2699 1537 2728 est
1562 2704 1639 2738 per
1670 2704 1773 2728 con-

263 2756 446 2788 trarium
469 2753 714 2797 anticipatione
734 2753 972 2793 incommoda,
1005 2763 1110 2794 quom
1136 2753 1226 2786 infra
1252 2752 1330 2796 (21)
1358 2753 1493 2796 legatur
1522 2753 1682 2787 dictum
1705 2758 1773 2786 est

267 2819 407 2847 autem
439 2823 515 2856 per
548 2812 833 2851 contrarium,
871 2811 931 2843 ubi
964 2811 1090 2844 deinde
1116 2811 1173 2844 hic
1198 2811 1321 2845 modus
1346 2811 1592 2855 pronuntiandi
1617 2798 1772 2856 explica-

265 2878 331 2908 tur.
385 2872 507 2906 eodem
531 2876 633 2915 pacto
659 2871 901 2915 intempestiva
926 2871 993 2903 ista
1016 2871 1190 2904 mentione
1213 2875 1375 2914 peccatur
1400 2875 1523 2914 postea
1546 2875 1617 2911 tei-3
1645 2871 1703 2913 qui
1731 2881 1772 2904 ea

268 2931 348 2972 196,
372 2933 406 2972 2,
438 2931 492 2971 12,
518 2930 596 2971 197,
623 2932 646 2964 4
671 2929 875 2973 intulerunt,
911 2929 1174 2963 offendebantur
1198 2931 1338 2963 concisa
1363 2939 1545 2962 causarum
1571 2929 1770 2963 similitudi-
