1923 3182
770 191 981 228 NOTAE.
1548 183 1633 226 307

129 304 182 335 1113
209 303 442 346 descriptione
470 302 554 342 195,
579 302 637 342 11,
665 301 747 340 196,
774 301 813 345 3,
840 302 903 342 11,
932 301 1020 342 197,
1049 302 1090 340 3;
1119 312 1201 346 ergo
1229 302 1362 344 aliquid
1388 301 1634 345 apponendum

130 372 206 394 esse
230 362 416 405 putabant,
444 373 510 404 quo
537 362 631 394 fieret
657 362 869 394 tolerabilior
895 372 935 394 ea
963 362 1113 394 brevitas
1140 361 1318 394 orationis,
1370 360 1494 394 modus
1519 366 1633 394 autem

128 431 191 465 per
216 422 422 454 contrarium
449 421 663 464 significatur
688 431 708 452 a
734 420 848 459 Quint.
874 421 916 460 V,
945 420 1011 460 11,
1039 420 1102 454 26:
1139 413 1265 452 ‘solent
1289 438 1335 443 —
1361 419 1482 453 fallere
1510 420 1634 453 simili-

127 480 286 512 tudinum
312 480 468 523 species,
503 480 651 521 ideoque
677 479 912 511 adhibendum
939 485 991 512 est
1020 478 1075 512 his
1103 479 1286 511 iudicium:
1328 489 1439 520 neque
1462 480 1573 518 enim,
1596 484 1633 511 ut

129 540 228 572 navis
255 539 373 571 utilior
407 548 496 571 nova
523 548 626 580 quam
654 544 770 577 vetus,
806 539 856 570 sic
883 530 1043 569 amicitia'
1074 543 1138 572 etc.
1191 547 1235 569 ex
1260 536 1329 569 Cic.
1361 537 1559 580 exemplum
1586 539 1634 571 si-

129 597 336 630 militudinis
361 608 424 640 per
450 598 657 630 contrarium
684 597 839 640 prolatae
866 596 1043 629 afferimus
1074 607 1110 639 p.
1139 595 1254 630 Planc.
1283 595 1329 628 68
1358 588 1556 629 ‘dissimilis
1583 602 1634 629 est

129 657 298 700 pecuniae
325 656 453 690 debitio
481 662 514 689 et
538 648 679 699 gratiae'
704 661 769 690 eto.
822 665 861 687 ac
889 655 1097 688 contractius
1131 654 1192 687 Ph.
1221 655 1277 694 ΙΙΙ,
1303 656 1341 688 2:
1362 648 1491 688 ‘certus
1518 660 1633 688 autem

129 715 203 748 dies
230 725 298 748 non
324 721 358 747 ut
385 715 531 748 sacrifici
554 715 606 748 sic
631 714 753 748 consili
781 714 958 757 expectari
984 706 1079 747 solet’
1106 713 1196 746 adde
1221 714 1385 749 Aeschin.
1414 715 1472 754 Ill,
1500 713 1582 750 158.

227 772 304 813 196,
334 779 359 808 t.
396 779 437 805 ut
471 773 601 816 paulo
635 793 684 800 —
715 773 1019 806 asserebatur.
1072 772 1152 805 talis
1180 773 1294 805 citatio
1322 773 1493 817 exempli,
1533 775 1633 815 quasi

129 831 165 862 id
198 842 264 865 non
293 832 336 864 ad
367 833 480 875 ipsam
511 831 600 864 hanc
631 831 870 864 similitudinis
902 830 1067 870 formam,
1111 837 1162 863 set
1194 831 1238 863 ad
1273 831 1362 863 alius
1388 832 1559 875 cuispiam
1583 833 1634 865 rei

127 889 390 924 illustrationem
417 891 602 933 pertineat,
634 890 760 922 vitiosa
782 896 850 929 est,
885 891 1071 923 insiticiam
1100 900 1176 922 esse
1202 890 1256 922 vel
1284 900 1328 922 ex
1354 900 1418 922 usu
1440 891 1538 923 verbi
1561 901 1633 925 as-

129 949 363 982 serebatur
393 949 534 993 probari
560 953 674 992 potest
704 948 765 980 illa
798 954 909 981 aetate
935 949 1086 981 noudum
1112 948 1177 982 hoc
1211 958 1315 981 sensu
1342 949 1512 991 usurpati,
1565 959 1633 983 non

127 1008 240 1040 minus
276 1018 384 1052 prava
421 1013 472 1040 est
506 1007 606 1040 lectio
637 1008 788 1041 omnium
820 1007 1010 1040 editionum
1038 1008 1118 1040 inde
1156 1017 1176 1040 a
1201 1007 1403 1040 Victoriana
1429 1007 1523 1041 diss
1536 1019 1633 1041 ere-

128 1066 297 1107 bamus,
328 1077 414 1109 quae
447 1067 481 1099 in
513 1066 607 1100 nullo
640 1067 760 1100 codice
791 1067 895 1099 obvia
926 1074 1040 1100 tamen
1073 1066 1238 1100 Schiitzio
1265 1077 1408 1100 causam
1432 1067 1507 1100 sola
1532 1077 1633 1110 prae-

128 1125 222 1167 buit,
255 1136 315 1158 cur
338 1126 426 1159 hanc
452 1127 706 1159 annotationem
733 1126 944 1169 repudiaret.
1049 1132 1077 1158 3.
1107 1126 1258 1167 quodam
1282 1126 1387 1159 modo
1414 1126 1480 1158 huc
1503 1125 1633 1160 referre

128 1183 208 1217 licet
235 1183 349 1223 Quint.
376 1186 419 1225 V,
450 1185 503 1225 ll,
531 1187 598 1218 24:
625 1186 879 1219 admonendum
903 1191 954 1218 est
980 1186 1092 1218 rarius
1119 1195 1194 1218 esse
1220 1185 1255 1217 in
1282 1186 1435 1217 oratione
1462 1185 1548 1218 illud
1573 1197 1634 1229 ge-

128 1252 205 1282 nus,
234 1244 325 1285 quod
351 1238 483 1276 εἰκόνα
508 1244 629 1277 Graeci
655 1250 779 1278 vocant
802 1263 849 1267 —
875 1255 977 1286 quam
1012 1245 1068 1286 id,
1111 1255 1177 1286 quo
1204 1243 1420 1287 probabilius
1446 1243 1499 1284 fit,
1540 1245 1633 1286 quod

130 1302 357 1334 intendimus:
388 1308 423 1334 ut
457 1304 485 1335 si
517 1304 669 1335 animum
702 1303 797 1336 dicas
832 1304 1079 1343 excolendum,
1114 1303 1340 1336 similitudine
1368 1303 1476 1335 utaris
1507 1308 1630 1343 terrae,

128 1371 216 1401 quae
253 1361 417 1404 neglectat
453 1367 566 1394 sentes
608 1372 648 1394 ac
693 1363 833 1402 dumos,
881 1363 973 1395 culta
1012 1362 1142 1395 fructus
1181 1367 1272 1395 creat
1308 1379 1355 1386 —
1395 1372 1438 1394 ex
1475 1362 1541 1395 11οο
1573 1374 1635 1406 ge-

131 1428 213 1451 nere
237 1419 365 1452 dictum
392 1420 479 1453 illud
501 1427 552 1453 est
569 1421 762 1454 Ciceronis:
788 1415 838 1453 ‘ut
867 1431 1011 1465 corpora
1036 1428 1151 1454 nostra
1177 1422 1251 1454 sine
1275 1426 1408 1460 mente,
1437 1421 1484 1452 ita
1509 1421 1632 1454 civitas

127 1478 202 1510 sine
243 1478 320 1522 lege
359 1479 431 1511 suis
468 1480 624 1523 partibus
662 1486 697 1512 ut
736 1482 850 1513 nervis
889 1491 928 1513 ac
959 1481 1127 1524 sanguine
1153 1486 1184 1512 et
1211 1479 1374 1512 membris
1399 1480 1449 1511 uti
1475 1489 1542 1512 non
1569 1490 1633 1523 po-

127 1530 202 1570 test'
237 1536 293 1580 (p.
325 1536 456 1570 Cluent.
491 1538 588 1582 146).
620 1557 667 1562 —-
715 1546 742 1572 9.
781 1549 882 1583 ergo
922 1545 1142 1582 sumptum
1180 1544 1244 1571 est
1277 1538 1496 1581 probandi
1532 1549 1632 1572 cau-

127 1605 184 1628 sa.
253 1601 435 1639 postquam
483 1598 690 1641 explicavit,
748 1609 814 1639 quo
854 1598 956 1631 modo
995 1598 1166 1641 probandi
1204 1608 1309 1629 causa
1347 1598 1480 1630 dicatur
1517 1599 1630 1631 simile

127 1653 320 1686 adhibitum
357 1665 451 1694 esse,
493 1657 624 1688 ratione
663 1657 766 1699 plane
802 1662 893 1689 caret
929 1656 995 1689 1100
1034 1656 1315 1689 additamentum.
1450 1662 1494 1691 15.
1523 1667 1629 1690 sum·
1655 1656 1700 1689 60

126 1718 263 1756 ptum,
301 1723 367 1754 quo
401 1714 530 1747 omisso
565 1715 682 1747 deerat
711 1715 875 1748 indicatio
909 1715 1065 1754 consilii,
1111 1725 1176 1756 quo
1203 1715 1310 1746 utitur
1332 1720 1446 1747 orator
1470 1715 1505 1747 in
1530 1726 1632 1749 usur-

126 1771 242 1814 panda
267 1771 332 1803 hac
357 1772 597 1805 similitudinis
624 1773 746 1814 forma,
776 1780 866 1806 recte
890 1784 910 1805 a
935 1773 1099 1806 Schiitzio
1127 1773 1282 1805 additum
1309 1779 1371 1805 est.
1459 1778 1506 1808 20.
1534 1776 1633 1807 ami-

127 1830 269 1862 citiae
293 1831 441 1864 studio
468 1837 500 1863 et
526 1832 674 1865 otiosum
700 1839 750 1865 est
776 1838 854 1876 post
875 1832 982 1865 verba
1001 1825 1148 1865 ‘tantum
1179 1825 1442 1865 benivolentiae'
1469 1838 1502 1865 et
1526 1844 1633 1866 mem-

126 1890 266 1922 brorum
291 1890 552 1923 concinnitatem
579 1892 679 1925 tollit.
721 1893 919 1935 exemplum
942 1893 1183 1926 similitudinis
1206 1903 1269 1936 per
1294 1893 1498 1927 brevitatem
1520 1894 1633 1928 dictae

126 1949 268 1992 praebet
294 1948 391 1980 Dem.
421 1949 478 1987 lV,
505 1949 563 1982 26.

221 2007 300 2049 197,
327 2014 355 2039 5.
383 2008 447 2039 uti
471 2008 759 2041 citharoedus
793 2027 831 2032 -
859 2010 1035 2043 eicitur.
1087 2008 1206 2040 fabula
1239 2014 1398 2040 narratur
1423 2020 1442 2041 a
1467 2010 1632 2051 Luciano,

126 2066 343 2109 Euangelum
382 2067 604 2099 Tarentinum
638 2067 889 2100 infelicissume
923 2078 1046 2101 ausum
1077 2078 1154 2101 esse
1187 2073 1318 2101 certare
1351 2069 1484 2111 Pythiis
1517 2070 1562 2103 cf.
1589 2080 1630 2107 π,

125 2117 260 2156 einata.
288 2123 310 2156 8
336 2134 412 2165 sqq.
448 2125 546 2157 cuius
578 2125 644 2158 loci
680 2126 858 2158 commode
892 2126 1070 2159 admonuit
1103 2125 1215 2158 Halm.
1252 2127 1353 2158 Anal.
1382 2127 1473 2162 Tull.
1503 2128 1560 2164 53.
1587 2146 1631 2152 —

128 2189 172 2216 18.
201 2183 451 2216 industrius
485 2189 746 2227 expectatus
780 2185 966 2228 respondet
1001 2185 1242 2228 superioribus
1263 2178 1391 2229 ‘magis
1419 2179 1630 2229 expectatus’

127 2241 219 2282 quod
244 2241 397 2284 postulat
423 2241 536 2275 forma
561 2243 774 2282 collationis,
812 2244 847 2275 in
874 2254 941 2285 qua
961 2236 1156 2287 ‘proposita
1183 2244 1411 2277 similitudine
1433 2246 1532 2288 paria
1553 2250 1632 2277 sunt

127 2300 242 2332 omnia
266 2293 396 2335 relata'.
447 2301 513 2334 hoc
539 2311 607 2334 non
633 2308 894 2345 reputaverunt,
923 2303 981 2344 qui
1003 2295 1184 2336 ‘inlustris’
1211 2314 1255 2335 ex
1281 2303 1510 2336 deterioribus
1532 2303 1632 2337 libris

125 2359 379 2402 recipiendum,
398 2353 447 2392 ‘et
472 2354 683 2403 expectatus’
709 2362 903 2394 eiciendum
930 2372 1007 2395 esse
1034 2363 1165 2405 opinati
1196 2368 1292 2403 sunt,
1327 2362 1536 2407 Oudendorp
1569 2364 1632 2396 Er-

125 2417 216 2450 nesti
250 2416 390 2449 Schtitz.
419 2411 630 2451 ‘industrior'
658 2430 702 2452 ex
731 2419 860 2453 Catone
887 2420 1005 2453 laudat
1029 2421 1194 2456 Priscian.
1224 2422 1285 2461 ΙΙΙ,
1315 2421 1392 2455 108.
1433 2422 1562 2455 similia
1587 2433 1630 2455 ex

127 2475 206 2510 coll.
233 2481 312 2507 sunt
336 2486 395 2519 ap.
423 2476 602 2512 Demosth.
633 2478 677 2517 II,
706 2479 763 2520 21,
791 2479 853 2518 Ill,
876 2478 940 2518 33,
967 2480 1026 2519 IV,
1051 2480 1110 2521 40,
1139 2480 1268 2520 XXlV‚
1295 2480 1383 2522 208,
1410 2492 1467 2525 ap.
1497 2480 1566 2514 Cic.
1594 2493 1629 2525 p.

124 2532 215 2566 Sest.
249 2535 295 2566 24
326 2527 378 2566 ‘ut
413 2536 443 2567 si
477 2535 633 2578 gladium
672 2555 719 2561 —
754 2532 1086 2572 contrucidaverunt'
1118 2540 1167 2572 ibi
1189 2545 1364 2583 postrema
1397 2541 1478 2574 inde
1504 2551 1524 2573 a
1554 2552 1632 2574 ver-

124 2592 178 2624 bis
199 2585 262 2624 ‘ita
294 2603 371 2625 cum
396 2588 604 2628 hominibus’
638 2601 701 2629 etc.
755 2598 786 2630 si
811 2598 886 2631 sola
911 2604 1027 2631 essent
1059 2600 1191 2643 posita,
1227 2601 1405 2633 brevitatis
1433 2602 1658 2645 exemplum‘

125 2650 298 2683 offerrent.

221 2708 300 2748 198,
325 2715 354 2742 2.
381 2709 569 2744 alterius
595 2713 786 2746 inertiae
812 2714 1012 2749 artificis
1039 2716 1232 2749 alterius
1260 2717 1458 2749 stultitia
1491 2718 1629 2749 simili
1655 2714 1697 2747 61

124 2768 299 2801 ratione
326 2769 512 2804 conlata.
574 2770 660 2804 haec
685 2772 809 2805 inertia
841 2779 910 2813 est,
949 2775 1003 2806 cui
1030 2780 1108 2808 ante
1134 2776 1252 2808 oculos
1278 2776 1458 2818 ponendae
1484 2776 1628 2808 adhibe-

125 2831 180 2858 tur
205 2826 396 2860 citharoedi
431 2829 594 2869 stultitia,
635 2831 833 2865 artificis
865 2832 907 2865 ab
940 2833 1125 2877 interprete
1151 2833 1342 2877 profedtum
1369 2840 1438 2872 est,
1480 2835 1537 2875 qui
1562 2845 1630 2868 non

123 2885 258 2917 videret
282 2885 414 2919 homini
439 2888 547 2920 nobili
573 2889 633 2921 hic
659 2890 835 2933 descripto
861 2892 1042 2934 inertiam,
1078 2893 1176 2925 alteri
1210 2893 1389 2924 stultitiam
1415 2893 1530 2925 tribui.
1582 2894 1626 2927 cf.

125 2943 238 2976 Halm.
265 2944 367 2977 Anal.
394 2945 485 2978 Tull.
514 2946 536 2981 l.
568 2958 596 2980 0.
694 2955 722 2981 8.
750 2949 882 2981 verba
906 2968 954 2972 —
979 2950 1348 3019 adcommodata*
1374 2961 1414 2982 ne
1442 2961 1630 2994 pronomen

1273 3004 1320 3038 20
