1923 3182
763 202 974 239 NOTAE.
1541 194 1626 236 303

221 315 300 358 184,
325 321 355 349 S.
383 314 495 356 quod
521 314 694 357 signum
727 313 1024 346 liberalitatis
1049 328 1097 336 —-
1127 312 1364 344 avaritiae.
1415 311 1502 344 haec
1524 311 1630 343 verba

129 374 230 407 eiecit
256 373 384 406 Schiitz
410 374 659 415 turpissumum
683 372 853 404 emblema
878 382 956 404 esse
983 371 1120 403 dicens:
1147 377 1180 403 at
1207 372 1256 403 sic
1284 370 1427 403 alterum
1453 369 1630 402 refutatio-

128 433 182 465 nis
207 432 399 465 membrum
432 432 686 463 insuavissume
720 431 931 468 decurtatur,
970 440 1033 462 nec
1064 430 1234 462 sententia
1257 435 1326 461 tam
1351 430 1468 472 inepta
1493 434 1566 468 cst,
1600 429 1630 460 si

128 491 370 524 liberalitatem
393 490 575 534 intellegas
601 490 643 522 de
669 489 824 522 moribus
846 488 1001 521 honestis
1027 488 1074 520 nil
1094 487 1224 520 humile
1252 487 1456 520 ferentibus.
1485 487 1626 520 humilis

128 556 240 584 autem
267 551 397 594 ingenii
421 550 565 582 avaritia
587 554 649 583 est.
748 553 793 580 17.
831 548 1080 590 descriptio
1113 547 1204 579 idem
1239 552 1307 589 est,
1343 547 1434 589 quod
1469 557 1526 590 ap.
1555 546 1623 579 Cic.

128 609 216 641 Part.
243 611 288 643 55
315 602 614 650 ‘consequentium
648 599 888 648 frequentatio’
915 613 947 638 et
976 606 1062 649 Top.
1096 607 1140 639 67
1175 606 1270 638 locus
1293 617 1336 638 ex
1362 606 1521 649 ecfectis,
1560 607 1630 647 qui,

128 674 165 701 ut
191 669 240 701 ibi
261 669 308 700 ait
330 662 567 712 ‘suppeditare
593 667 680 699 solet
706 666 898 698 oratoribus
925 671 957 697 et
982 666 1112 708 poet'1s,
1145 675 1249 708 saepe
1276 665 1378 697 etiam
1398 665 1631 708 philosophis.

131 733 183 760 set
211 728 274 767 iis,
309 728 368 769 qui
401 732 519 759 ornate
546 731 579 758 et
605 726 745 769 copiose
770 725 866 766 loqui
891 729 1056 767 possunt,
1091 723 1285 755 mirabilem
1318 725 1453 766 copiam
1482 724 1631 759 dicendi,

131 795 233 826 quom
260 786 476 824 denuntiant,
512 784 594 826 quid
619 794 663 816 ex
688 793 823 825 quaque
848 793 884 815 re
911 783 955 815 sit
983 775 1156 814 futurum'.
1209 782 1250 814 ab
1282 782 1359 824 ipso
1391 782 1499 813 multa
1535 788 1633 824 petas

136 844 316 887 exempla,
340 854 485 886 quorum
507 843 788 876 illustrissumum
810 842 947 874 videtur
974 840 1043 874 Cat.
1075 841 1132 882 IV,
1161 841 1213 873 11.
1266 851 1309 873 ex
1334 842 1430 872 Isaeo
1456 841 1635 872 laudamus

133 903 193 944 IX,
220 903 266 937 36
292 914 344 945 sq.
372 914 415 936 ex
440 902 604 936 Aeschin.
632 903 688 942 ΙΙΙ,
717 901 796 945 157,
825 912 868 934 ex
894 900 1070 933 Demosth.
1099 899 1227 939 XXIV,
1254 898 1300 932 93
1326 909 1378 940 sq.

233 961 310 1003 185,
337 969 364 996 5.
400 972 487 995 rem
522 961 745 1006 puplicam
782 961 985 993 funditus
1018 959 1295 992 labefactans
1329 957 1432 1000 volgo
1462 956 1634 991 scribitur,

135 1027 169 1054 at
193 1021 309 1055 nullus
335 1022 430 1055 locus
456 1022 506 1054 rei
531 1021 711 1064 publicae,
742 1021 801 1052 ubi
828 1025 942 1052 orator
964 1019 1182 1052 incommoda
1209 1019 1422 1060 privatorum
1448 1020 1634 1056 enumerat,

134 1091 197 1113 nec
229 1086 342 1124 potest
374 1080 433 1114 illa
465 1080 620 1114 funditus
654 1079 860 1112 labefactata
890 1079 1070 1111 ostendere
1111 1077 1324 1121 periculum,
1364 1086 1405 1107 ne
1436 1075 1569 1106 iudices
1604 1074 1637 1104 in

135 1145 242 1172 semet
267 1140 364 1182 ipsos
391 1140 573 1172 immittant
598 1145 818 1172 teterrumam
838 1138 989 1170 beluam.
1066 1143 1105 1169 to.
1134 1136 1317 1180 grandis
1343 1140 1444 1166 natu
1470 1142 1636 1177 parens

135 1217 182 1224 -—
207 1199 400 1234 habebit.
453 1199 572 1232 eadem
598 1209 653 1231 res
681 1198 887 1231 describitur
908 1198 949 1229 ab
977 1196 1120 1239 Antiph.
1148 1196 1204 1234 III,
1232 1192 1265 1239 β,
1299 1194 1350 1227 10.

232 1256 310 1299 186,
336 1263 365 1291 1.
400 1259 586 1302 vestigium
612 1258 685 1290 veri
710 1268 799 1289 unus
824 1266 853 1288 π
887 1257 1036 1289 servavit
1070 1255 1216 1287 lectione
1243 1262 1528 1286 erumnarum.
1581 1259 1638 1281 ae-

138 1326 278 1349 rumnae
305 1327 428 1360 graves
453 1317 588 1349 labores
615 1322 710 1355 sunt,
746 1322 782 1348 ut
808 1326 864 1358 ap.
893 1315 962 1348 Cic.
991 1315 1064 1347 Fin.
1094 1315 1136 1353 ΙΙ,
1160 1313 1238 1346 118.
1346 1318 1372 1344 3.
1409 1309 1637 1352 flagrabat.

137 1375 264 1408 habent
292 1376 393 1409 codd.
421 1377 552 1419 optumi
579 1375 725 1408 sonasse
758 1380 956 1418 corruptum
989 1384 1031 1406 ex
1058 1365 1246 1416 ‘flagratur'
1278 1371 1331 1403 vel
1358 1362 1556 1413 ‘ssagratast'
1590 1367 1634 1399 cf.

137 1445 242 1479 supra
274 1435 399 1467 lectum
437 1433 517 1473 135,
549 1434 592 1467 13
630 1441 662 1466 01
701 1434 826 1476 Hygia.
867 1433 938 1467 fab.
979 1431 1048 1465 179
1073 1424 1165 1463 ‘cum
1202 1430 1346 1462 fulmine
1386 1434 1418 1461 et
1454 1427 1636 1461 tonitribus

140 1494 234 1525 venit
267 1499 299 1525 et
331 1492 490 1525 Semelen
523 1488 769 1535 conflagravit’.
915 1497 942 1524 6.
979 1497 1081 1523 31110
1112 1490 1268 1533 pedes,
1303 1488 1416 1520 simile
1449 1487 1530 1518 vide
1565 1485 1635 1517 Cic.

138 1552 201 1587 Ph.
230 1553 288 1594 Ill,
315 1554 350 1586 4.
376 1571 423 1575 —
471 1557 517 1583 12.
545 1551 724 1587 divisio.
765 1551 836 1585 Cic.
859 1551 932 1582 Inv.
960 1551 985 1589 Ι,
1010 1551 1055 1583 -15
1080 1549 1356 1592 complexionem
1384 1548 1416 1579 in
1440 1545 1560 1578 formis
1583 1554 1636 1576 ar-

140 1611 407 1654 gumentationis
430 1610 562 1653 profert
589 1603 639 1641 ‘in
670 1620 755 1651 qua,
788 1615 901 1641 utrum
927 1610 1159 1649 concesseris,
1194 1607 1458 1651 reprehenditur
1482 1605 1527 1637 ad
1547 1605 1638 1636 hunc

139 1669 297 1701 modum:
336 1669 366 1701 si
391 1668 558 1711 inprobus
585 1673 654 1707 est,
682 1678 742 1700 cur
765 1668 896 1700 uteris?
922 1669 951 1699 si
974 1668 1122 1711 probus,
1151 1678 1210 1699 cur
1235 1658 1400 1699 accusas'.
1452 1664 1640 1705 Hermoge-

140 1738 202 1761 nes
226 1728 294 1769 111,
325 1727 392 1760 167
419 1727 474 1762 ed.
498 1727 601 1759 Walz
625 1727 778 1771 appellat
810 1721 852 1758 τὸ
885 1721 1124 1769 διλήμματον
1148 1745 1195 1748 -
1219 1717 1314 1757 ὅταν
1341 1718 1413 1756 δύο
1441 1716 1641 1765 ἐρωτήσεις

140 1780 352 1829 ἐρωτῶντες
375 1780 444 1818 τὸν
476 1779 678 1818 ἀντίδικον
702 1780 800 1828 πρὸς
827 1779 1008 1827 ἑκατέραν
1034 1775 1134 1827 ὦμεν
1166 1779 1219 1822 εἰς
1251 1779 1359 1816 λύσιν
1384 1789 1641 1824 παρεσκευασ-

143 1841 252 1887 μένοι
291 1845 437 1877 laudans
474 1845 542 1877 duo
581 1845 741 1888 exempla
765 1845 943 1878 Demosth.
968 1845 1096 1883 XVIII,
1131 1843 1214 1885 196,
1244 1843 1331 1881 217;
1359 1842 1519 1874 addimus
1546 1841 1638 1881 XVI,

144 1903 201 1946 23,
221 1902 347 1943 XXIV,
371 1903 448 1944 122,
476 1903 622 1942 XXXII,
645 1903 700 1943 16,
723 1904 810 1943 LVI,
830 1903 888 1945 33,
916 1904 1064 1946 L5curg.
1094 1902 1151 1943 34,
1178 1903 1235 1942 76,
1265 1901 1437 1934 Ciceronis
1462 1912 1498 1944 p.
1524 1899 1637 1938 Quint.

142 1962 185 1996 81
213 1973 249 2006 p.
272 1961 310 1994 S.
338 1962 440 1994 Rosc.
467 1962 524 2001 52,
546 1972 582 2004 p.
608 1962 724 1994 Plane.
758 1962 802 1995 13
837 1962 928 1996 med.
955 1963 1055 1996 Verr.
1084 1962 1131 2001 ΙΙ,
1157 1963 1196 2000 2,
1234 1961 1301 1993 150
1326 1971 1377 2002 sq.
1404 1959 1465 1991 Ph.
1490 1960 1556 2000 III,
1584 1959 1639 1997 14,

145 2021 201 2061 18,
227 2021 284 2054 21.
337 2030 404 2053 11011
427 2020 615 2052 omittenda
638 2019 757 2052 fabula
783 2020 933 2052 iucunda
957 2020 999 2052 de
1025 2019 1241 2058 dilemmate,
1280 2028 1346 2059 quo
1379 2018 1492 2050 Tisias
1527 2023 1642 2049 contra

145 2078 328 2119 Coracem,
355 2078 467 2112 Corax
491 2084 609 2111 contra
624 2078 753 2111 Tisiam
778 2089 862 2111 usus
890 2089 968 2111 esse
994 2078 1118 2110 dicitur
1138 2077 1229 2112 Prol.
1251 2076 1341 2109 stas.
1362 2077 1419 2115 IV,
1444 2076 1504 2115 143
1531 2082 1643 2108 trans-

143 2138 212 2171 lata
234 2139 337 2171 etiam
361 2138 406 2170 ad
429 2137 614 2171 Euathlum
640 2143 672 2170 et
693 2138 916 2181 Protagoram
941 2136 1028 2170 Gell.
1054 2137 1096 2178 V,
1126 2137 1181 2170 10.

241 2197 320 2238 187,
345 2203 375 2230 4.
399 2197 506 2230 verba
531 2197 580 2230 de
606 2207 686 2238 qua
711 2215 759 2220 -—
785 2196 1180 2229 demonstravimus
1206 2205 1269 2228 nec
1294 2194 1381 2227 bene
1406 2192 1528 2225 Latina
1552 2196 1643 2231 sunt,

145 2266 209 2289 1100
234 2255 322 2290 solet
348 2255 551 2288 Cornificius
574 2260 644 2287 tam
671 2261 826 2287 accurate
852 2264 916 2287 sua
940 2254 1056 2286 citare.
1177 2259 1223 2288 10.
1251 2251 1553 2299 frequentatio
1587 2261 1644 2282 ea-

147 2314 227 2346 dem
251 2318 303 2346 est
327 2318 430 2356 atque
457 2315 686 2354 enumeratio,
723 2313 765 2345 de
791 2322 858 2353 qua
888 2313 956 2344 iam
984 2312 1027 2344 ad
1056 2312 1106 2350 ΙΙ,
1133 2313 1177 2344 47
1205 2312 1352 2355 egimus.
1402 2306 1460 2341 hic
1483 2308 1643 2341 addimus

147 2373 294 2406 indicari
318 2383 395 2406 eam
419 2383 440 2405 3
464 2373 579 2412 Quint.
607 2372 674 2411 IX,
700 2373 734 2411 2,
764 2369 830 2403 103
851 2363 974 2402 ‘multa
997 2387 1043 2393 ——
1068 2370 1218 2402 Rutilius
1247 2369 1409 2412 Gorgiam
1435 2373 1572 2400 secutus
1596 2385 1644 2389 ——

148 2436 180 2463 et
202 2431 323 2464 Celsus
346 2448 388 2454 —
416 2435 605 2474 posuerunt
631 2429 823 2462 schemata:
858 2429 1204 2468 consummationem,
1237 2438 1339 2470 quam
1366 2426 1514 2459 Graecus
1538 2423 1643 2457 διαλ-

147 2483 268 2532 λαγὴν
292 2493 410 2529 vocat,
446 2499 523 2520 cum
554 2488 656 2531 plura
680 2492 881 2530 argumenta
907 2487 952 2519 ad
974 2497 1080 2518 unum
1113 2486 1270 2520 effectum
1298 2477 1535 2518 deducuntur'.
1584 2495 1646 2517 vo-

149 2548 309 2581 cabulum
339 2547 507 2580 Graecum
539 2551 736 2589 corruptum
763 2545 900 2577 videtur
935 2555 978 2577 ex
1009 2542 1269 2587 παλιλλογιάν.
1327 2544 1449 2576 eadem
1485 2555 1541 2587 ap.
1567 2544 1646 2575 Ari-

150 2611 229 2639 stot.
253 2605 356 2638 Rhet.
383 2605 443 2646 111,
481 2604 542 2648 19,
575 2607 600 2638 4
623 2597 837 2646 ἀνάμνησις
863 2609 931 2643 est,
961 2614 1017 2647 ap.
1045 2603 1176 2636 Theon.
1203 2602 1290 2642 181,
1323 2603 1448 2646 Apsin.
1476 2601 1543 2639 IX,
1577 2595 1666 2633 547'

149 2657 500 2705 ἄνακεφαλαίωσις,
529 2672 586 2705 ap.
615 2662 804 2696 Alexandr.
836 2663 932 2703 VIII,
968 2661 1038 2695 439
1065 2667 1097 2693 et
1127 2662 1299 2693 Zonaeum
1323 2660 1391 2693 675
1415 2658 1647 2699 συναθροισ-

151 2716 242 2765 μός,
275 2722 312 2754 fit
336 2726 449 2754 autem
477 2720 534 2753 vel
560 2720 718 2753 omnibus
750 2720 955 2763 colligendis
985 2720 1216 2762 argumentis,
1251 2718 1307 2750 vel
1336 2729 1377 2750 ex
1407 2722 1521 2760 parte,
1556 2715 1647 2756 quod

150 2780 320 2824 praecipit
344 2779 507 2811 Anaxim.
533 2778 596 2816 48,
627 2778 667 2811 9:
699 2773 771 2820 χρὴ
806 2773 849 2810 δὲ
878 2774 943 2809 καὶ
970 2771 1074 2819 παρὰ
1104 2772 1218 2819 μέρος
1249 2771 1409 2808 ἕκαστον
1433 2772 1502 2806 τοῦ
1532 2767 1645 2814 λόγου

152 2837 408 2880 παλιλλογεῖν,
432 2837 582 2878 fecitque
606 2836 672 2868 hoc
697 2838 803 2869 [socr.
830 2837 912 2874 VII,
943 2835 1006 2868 32:
1036 2829 1278 2876 ξφαινόμεθα
1301 2828 1372 2876 γὰρ
1399 2830 1552 2872 πρῶτον
1578 2826 1647 2873 μὲν

152 2889 258 2938 παρὰ
278 2893 355 2927 τῶν
380 2893 526 2937 κυρίων
549 2888 621 2936 τήν
647 2887 777 2935 χώραν
802 2888 981 2937 λαβόντες
1009 2886 1093 2924 κτὲ.’
1122 2892 1229 2935 (unde
1255 2892 1387 2934 corrige
1414 2891 1459 2923 ib.
1490 2891 1534 2922 24
1560 2885 1647 2921 δόν-

152 2964 228 2986 των
252 2949 322 2997 μὲν
344 2947 527 2997 Ἡρακλεῖ
545 2949 623 2984 τῶν
647 2950 811 2994 κυρίων,
844 2961 950 2984 sensu
975 2951 1066 2982 enim
1091 2960 1244 2990 cassum,
1279 2949 1370 2990 quod
1396 2949 1498 2991 volgo
1523 2948 1649 2991 legitur

1653 546 1695 579 51
