1907 3166
160 1753 206 1784 tm

235 147 322 190 310
419 165 422 167 ·
893 153 1102 190 NOTAE.

237 264 301 296 rini
331 263 373 295 ab
399 262 592 306 Oppianico
621 264 846 303 commissae,
885 265 965 298 vide
998 264 1068 298 Cic.
1100 276 1135 310 p.
1169 265 1303 303 Cluent.
1333 267 1390 301 25.
1419 283 1464 290 —
1514 272 1542 300 6.
1571 267 1644 309 qui
1668 277 1748 302 non

236 322 339 355 inihi
366 329 544 366 praesto
571 322 655 356 ruit
681 325 922 367 magistratum
948 324 1082 358 scilieet
1107 326 1255 369 gerenti.
1307 325 1354 362 ct.
1385 325 1457 359 Cic.
1486 325 1510 358 Ι.
1537 335 1569 359 c.
1605 319 1684 370 ‘per
1707 326 1749 360 it-

236 382 304 413 lam
332 381 369 413 t..
399 381 514 414 snttae
556 383 625 416 vim
654 389 756 425 utque
794 384 976 417 victoriam
1006 384 1170 418 Larinum
1204 385 1238 418 in
1273 394 1409 419 summo
1440 385 1565 419 timore
1596 384 1749 419 omnium

234 451 311 473 eum
337 442 478 474 nrmutis
500 441 698 481 advolavit.
733 443 1008 487 quattuorviros,
1041 453 1127 486 quos
1163 444 1358 488 municipes
1395 443 1568 483 fecerant,
1595 442 1747 483 sustulit,

233 512 271 534 se
299 511 319 532 a
344 500 443 533 Sniin
471 507 503 533 et
529 500 617 534 ulios
640 509 819 545 practerea
846 510 915 535 tres
943 502 1054 536 suctos
1089 513 1165 536 csse
1192 496 1304 539 dixit’.
1406 509 1450 538 12.
1485 503 1587 546 quin
1620 501 1747 536 ilium

233 561 267 592 in
305 560 482 604 plerisque
514 560 615 596 codd.
651 562 803 594 sermoni
837 563 968 595 inimici
1000 563 1232 606 praemittitur
1259 556 1309 596 ‘ut
1345 555 1413 596 itle’
1441 571 1504 607 pro
1540 571 1610 604 quo
1642 560 1750 596 Orelti

233 618 329 651 malit
350 612 398 651 ‘ut
426 612 501 651 isti-⁹
523 630 585 664 per
609 631 646 653 se
673 620 814 662 quidem
841 627 951 659 recte;
975 628 1027 654 set
1053 628 1207 665 praestat
1234 622 1367 666 primae
1385 620 1542 655 familiae
1566 619 1749 655 lectionem

232 680 348 720 sequi:
383 681 492 712 oratio
519 681 609 712 enim
639 680 788 715 nominis
816 688 848 714 et
875 692 919 714 ex
945 682 1115 714 sententia
1147 683 1348 726 agnoscitur
1373 687 1407 714 et
1430 690 1517 715 sono
1540 679 1638 714 vocis
1663 680 1749 714 satis

233 738 400 781 distingui
431 745 542 782 potest
570 751 589 771 ιι
615 741 836 784 suppiicibus
863 741 1012 775 feminae
1046 742 1176 777 verbis.
1288 746 1332 776 18.
1363 750 1442 775 non
1467 740 1600 774 abibo
1622 739 1748 785 supple

228 791 428 840 'antequam
454 799 510 831 itt.-
538 799 620 832 miiii
651 801 861 844 producatur
885 802 918 834 in
952 796 1200 844 conspeetum’.
1252 799 1298 834 cf.
1329 799 1399 833 Cic.
1427 800 1528 836 Verr.
1557 799 1606 840 11,
1633 800 1676 839 4,
1702 798 1745 833 51

227 851 354 890 'metus
381 866 452 890 erut
478 869 652 892 summus:
684 860 760 903 ipse
788 861 878 894 enini
911 868 1078 903 tyrannus
1104 871 1170 893 non
1201 859 1404 894 discedebat
1430 859 1587 903 longius:
1616 858 1748 892 Archa-

232 917 373 961 gathum
402 926 433 949 ct
460 926 639 961 argentum
668 937 709 942 —
752 913 982 963 expectabnt’.
1115 927 1158 955 15.
1195 919 1390 963 Gorgiae
1421 918 1635 962 pediseco
1661 918 1746 951 seri-

233 979 366 1020 psimns
394 989 455 1020 pru
483 978 615 1022 volgari
644 979 788 1012 lectione
809 973 954 1022 ‘Gorgia
980 972 1150 1023 pediseee'
1181 985 1271 1012 certe
1299 988 1365 1012 non
1399 983 1478 1022 apte
1509 977 1658 1011 sdicitur
1685 986 1746 1011 no-

233 1037 314 1069 mini
343 1037 546 1080 appellatio.
604 1038 696 1080 qnod
725 1040 1014 1073 constructionem
1051 1039 1189 1077 attinet,
1223 1038 1268 1072 cf.
1297 1037 1422 1071 Catuli.
1451 1037 1503 1077 X,
1538 1036 1584 1071 27
1616 1029 1746 1079 ‘mane,

232 1096 339 1137 inquii
368 1089 527 1139 put-linis,

326 1157 407 1194 200,
439 1163 463 1188 1.
495 1164 670 1199 praesto
697 1158 814 1190 udos.
865 1158 917 1190 sic
937 1149 1101 1201 ‘praesto'
1125 1168 1202 1190 cum
1225 1162 1391 1198 sequente
1412 1156 1517 1189 verbo
1545 1154 1744 1200 copulatum

231 1222 332 1256 utque
366 1215 428 1247 hoc
458 1222 623 1248 mutatum
653 1223 723 1255 est,
753 1210 882 1250 ‘sedes'
911 1217 1013 1260 volgo
1047 1217 1171 1249 iectnm
1204 1226 1310 1250 sensu
1341 1221 1446 1250 curet.
1497 1215 1746 1249 correctionem

231 1275 406 1307 contii-niet
433 1275 511 1307 Ter.
541 1275 626 1307 Eun.
656 1276 700 1318 V,
724 1276 766 1317 8,
801 1277 863 1309 2οε
894 1269 963 1309 ‘set
992 1276 1050 1309 ubi
1079 1283 1130 1308 cst
1159 1275 1290 1309 frater?
1326 1280 1466 1319 praesto
1492 1266 1614 1310 adest'.
1712 1279 1743 1310 4.

232 1333 400 1366 iudicio
428 1345 586 1368 mecum
613 1336 881 1368 contendere
909 1346 989 1368 non
1024 1336 1109 1369 vis.
1162 1335 1266 1367 etiam
1291 1333 1356 1367 hoc
1381 1334 1543 1367 convenit
1569 1333 1603 1367 in
1626 1344 1746 1368 narra—

230 1393 357 1426 tionem
384 1405 441 1437 np.
471 1394 540 1429 Cic.
570 1405 604 1438 p.
634 1393 768 1427 Ciuent.
796 1396 842 1428 25
869 1388 927 1427 ‘ab
956 1395 1078 1428 codem
1105 1393 1242 1437 (Sunii)
1268 1393 1336 1427 sibi
1364 1404 1442 1428 esse
1468 1394 1683 1438 inperatum,
1711 1398 1748 1426 ut

231 1453 375 1485 Aurium
406 1453 522 1493 iilum,
553 1456 610 1496 qni
647 1454 714 1487 sibi
742 1454 951 1487 delationem
986 1455 1137 1488 nominis
1164 1460 1195 1486 et
1222 1454 1350 1498 cupitis
1375 1452 1569 1497 perieulum
1595 1457 1747 1487 ostenta-

230 1518 279 1544 rat
304 1530 351 1535 -—
387 1518 418 1544 ct
452 1512 596 1545 nitet-nm
628 1515 770 1546 Aurium
804 1520 837 1547 et
873 1515 947 1546 cius
973 1514 1012 1547 C.
1040 1513 1148 1547 {ilium
1175 1531 1220 1536 —-
1248 1512 1518 1558 proscribendos
1538 1510 1746 1546 interficien-

231 1571 363 1613 dosque
390 1564 547 1604 ctn·.‘irct'.

325 1631 406 1669 207.
436 1640 463 1665 ϋ.
494 1630 570 1664 hoe
590 1642 726 1674 genus
754 1633 776 1666 i.
808 1644 837 1665 e.
865 1632 968 1665 tnicm
994 1633 1201 1665 orationem:
1224 1625 1324 1673 ‘quid
1349 1636 1511 1674 putemus
1537 1629 1617 1664 illos
1635 1630 1745 1664 dietu-

231 1699 306 1729 ros,
333 1690 363 1722 si
387 1689 450 1723 hoc
474 1683 676 1723 iudicaritis'
703 1693 925 1732 consequitur
952 1691 1089 1724 illorum
1116 1700 1244 1723 sermo.
1296 1689 1402 1722 verba
1421 1682 1564 1723 ‘deinde
1587 1689 1746 1723 subicere

233 1741 436 1781 sermonem’
464 1749 546 1781 addi
582 1759 643 1781 nec
668 1750 838 1782 sententia
866 1760 927 1781 nec
961 1749 1170 1782 constructio
1198 1748 1338 1792 patitur.
1436 1754 1466 1781 ’1.
1496 1747 1747 1782 conforma-

230 1807 290 1839 tio
315 1813 478 1840 tractatur
501 1818 522 1840 a
548 1807 618 1842 cie.
646 1808 733 1852 Top.
761 1809 819 1847 45,
845 1808 937 1841 Part.
964 1809 1020 1842 55.
1042 1814 1075 1841 et
1094 1808 1137 1841 «ιιι
1158 1818 1209 1840 or.
1231 1808 1289 1850 111,
1311 1808 1381 1842 205
1400 1800 1645 1851 ‘personarum
1667 1808 1746 1842 fieta

231 1866 384 1900 inductio
411 1866 465 1899 vel
491 1868 748 1909 gravissumum
775 1868 890 1901 lumen
911 1860 1090 1911 augendi‘:
1127 1867 1186 1902 sir.
1215 1866 1261 1901 85
1283 1860 1512 1901 ‘summissus
1538 1873 1652 1900 orator
1678 1878 1744 1901 non

231 1926 333 1959 saciet
367 1937 438 1959 rem
471 1926 649 1970 puplicam
683 1926 879 1969 loquentem
908 1938 968 1960 nec
1003 1927 1045 1959 ab
1073 1926 1195 1959 inferis
1221 1919 1412 1961 excitabit'.
1463 1927 1552 1962 illud
1577 1928 1743 1973 Hermog.

230 1986 331 2029 Prog.
362 1986 388 2024 1,
414 1986 460 2019 45
483 1984 822 2027 nocomnouou'ar,
850 1994 886 2019 ιιι
913 1986 1016 2020 Rutii.
1045 1986 1134 2031 Lup.
1163 1987 1203 2026 11,
1227 1985 1261 2026 6,
1290 1986 1406 2030 Aquit.
1434 1987 1535 2022 Rom.
1562 1987 1588 2027 1,
1613 1985 1655 2028 3:
1681 1985 1747 2021 hoc

230 2041 504 2077 εἰδωλοποιίαν
530 2045 696 2089 appellat.
727 2043 1051 2088 προσωποποιίαν
1081 2051 1201 2078 tractat
1228 2046 1372 2079 Aristot-
1399 2045 1502 2082 Rhet.
1529 2046 1598 2085 ΙΙΙ,
1627 2047 1682 2082 lt.
1709 2048 1744 2082 2.

229 2107 332 2138 etiam
360 2105 511 2138 Demetr.
540 2104 605 2142 ΙΧ,
641 2105 707 2139 109
739 2118 792 2148 sq.
829 2106 925 2139 fictas
959 2116 1186 2150 personarum
1213 2106 1387 2140 orationes
1417 2105 1577 2150 pierique
1603 2106 1744 2140 techno-

229 2164 355 2209 graphi
382 2157 603 2207 ἠθοποιίαν
631 2166 825 2205 nominant,
860 2172 897 2198 ιιι
924 2166 1077 2209 Apsines
1103 2166 1170 2203 tx,
1197 2166 1288 2205 545,
1320 2166 1379 2207 qui
1406 2165 1607 2209 exemplum
1630 2166 1746 2210 Hype-

229 2224 356 2256 ridium
383 2223 501 2266 affert,
528 2223 701 2259 Alexand.
730 2225 823 2264 Vnt,
850 2223 932 2263 4⁴9,
956 2224 1180 2258 Phoebamm.
1203 2223 1284 2263 509,
1308 2224 1427 2258 Tiber.
1445 2223 1527 2264 537,
1553 2225 1638 2260 Zon.
1660 2224 1743 2260 676.

229 2289 412 2325 utrumque
438 2292 548 2326 genus
575 2283 766 2316 illustratur
785 2294 805 2316 a
830 2283 948 2323 Quint.
978 2283 1035 2319 Vi.
1069 2282 1098 2319 1,
1122 2283 1186 2321 253
1214 2281 1273 2321 IX,
1299 2283 1333 2319 2.
1361 2281 1407 2315 29
1430 2293 1507 2325 sqq.
1545 2283 1744 2327 exemplum

230 2342 402 2384 loquentis
427 2342 561 2386 patriae
587 2349 638 2374 cst
664 2352 720 2386 ap.
752 2341 824 2375 Cic.
851 2342 924 2376 Cat.
952 2343 977 2383 Ι,
1010 2342 1052 2375 18
1082 2341 1203 2387 populi
1227 2353 1262 2386 p.
1293 2341 1408 2374 Planc.
1440 2341 1500 2378 12.
1533 2343 1675 2376 excitati
1701 2343 1744 2376 ab

229 2400 351 2433 inferis
379 2411 413 2444 p.
442 2400 536 2433 Cael.
563 2399 630 2442 33;
655 2411 733 2433 cum
759 2402 913 2435 oratione
940 2401 1036 2433 Bruti
1063 2400 1262 2434 conferatur
1287 2401 1502 2444 comparatio
1527 2410 1549 2433 a
1577 2400 1744 2436 Cicerone

228 2460 382 2492 instituta
402 2459 463 2491 Ph.
494 2460 558 2500 ΙΙΙ,
585 2458 626 2498 8,
651 2471 728 2502 sqq.
779 2460 1047 2494 Demosthenica
1073 2460 1153 2494 vide
1179 2461 1212 2500 l,
1247 2461 1282 2500 2,
1326 2459 1428 2501 VIII,
1454 2458 1519 2500 35,
1553 2459 1657 2505 XIX,
1683 2461 1745 2502 66,

229 2517 459 2552 Aeschineum
483 2518 546 2556 ΙΙΙ,
573 2519 655 2552 257.

324 2575 407 2618 208,
432 2582 462 2608 4.
499 2577 541 2609 in
570 2577 713 2620 pluris
740 2590 822 2611 res.
875 2589 936 2611 eae
956 2589 1033 2620 res,
1061 2588 1150 2620 quae
1177 2583 1399 2622 opponuntur
1421 2577 1687 2622 amplificationi
1713 2584 1748 2612 et

231 2636 537 2675 commiserationi,
564 2646 631 2669 non
655 2644 802 2680 possunt
826 2644 941 2670 mutae
967 2644 999 2670 et
1018 2638 1192 2670 inanimae
1218 2637 1307 2675 dici;
1332 2642 1414 2669 sunt
1429 2642 1548 2680 partes
1564 2637 1743 2678 orationis,

161 2700 206 2735 67
233 2698 269 2730 in
295 2695 421 2739 quibus
448 2693 701 2729 confirmationi
726 2696 822 2730 locus
848 2706 916 2729 non
942 2697 1058 2740 inepte
1084 2696 1198 2729 datur.
1295 2702 1324 2728 7.
1349 2695 1636 2739 significatio
1659 2702 1746 2741 aput

233 2756 385 2790 Graecos
411 2755 600 2798 scriptores
626 2748 790 2797 ἔμφασις
813 2760 884 2794 est,
908 2761 981 2788 nec
1006 2755 1076 2788 alio
1103 2755 1242 2787 nomine
1274 2759 1416 2787 utuntur
1447 2754 1567 2798 Aquil.
1593 2755 1695 2789 Rom.
1716 2755 1741 2800 1,

232 2817 266 2853 5,
292 2814 407 2854 Quint.
434 2813 496 2853 lx,
525 2814 564 2854 2,
591 2813 656 2854 64,
682 2813 728 2846 cf.
755 2814 860 2846 etiam
884 2814 985 2853 vm,
1012 2813 1053 2853 3,
1080 2812 1138 2848 83.
1180 2811 1253 2848 ,hic
1277 2813 1364 2847 duas
1390 2813 1521 2847 formas
1545 2814 1745 2848 constituit:

226 2867 406 2911 ‘alter-am,
434 2883 522 2914 qnae
548 2872 627 2916 plus
650 2872 824 2916 significet
850 2883 954 2914 quam
980 2872 1083 2912 dicit,
1123 2872 1285 2911 alteram,
1319 2883 1408 2915 quae
1431 2873 1536 2906 etiam
1561 2873 1618 2913 id,
1651 2873 1746 2916 quod

233 2942 301 2965 non
327 2926 433 2971 dicis,
462 2930 535 2965 illic
567 2931 712 2965 eandem
749 2931 1004 2966 distinctionem
1034 2931 1182 2964 diversis
1204 2931 1322 2965 verbis
1347 2931 1491 2976 profert.
1542 2932 1580 2964 in
1604 2932 1743 2966 univer-
