1971 3198
853 189 1136 221 PRAEFATIO.
1718 192 1786 222 VII

197 291 418 349 significat
455 307 481 334 a
521 292 696 334 nemine
735 297 837 334 ante
879 307 979 335 eum
1017 293 1155 335 fuisse
1203 298 1459 349 usurpatas,
1505 300 1707 349 potestne
1747 295 1783 336 is

198 359 462 403 Cornificius
504 360 616 403 alius
658 360 797 402 fuisse
837 365 967 417 atque
1016 359 1172 402 horum
1222 359 1559 402 Rhetoricorum
1599 368 1784 404 auctor?

197 430 236 472 si
262 430 466 487 exempla
492 431 611 473 idem
640 429 793 472 laudat
820 429 877 472 ad
912 429 1100 472 verbum
1125 429 1436 473 convenientia
1450 430 1504 488 ¹),
1536 436 1661 472 estne
1691 445 1782 473 cre-

197 498 334 541 dibile
362 505 438 542 aut
476 498 533 541 ab
569 498 656 541 alio
688 514 741 541 ea
771 505 873 541 ante
911 498 1085 556 prolata
1123 499 1262 542 fuisse
1298 497 1650 556 technographo,
1695 515 1783 542 non

196 567 253 610 ab
292 567 396 623 hoc,
431 569 507 627 qui
547 568 761 611 abstinuit
798 567 976 622 alienis,
1029 583 1107 610 sua
1151 567 1379 610 elaborare
1419 568 1680 623 magistrum
1712 569 1783 612 de-

195 636 301 680 bere
327 638 526 695 graviter
554 637 845 691 contenditf),
878 627 952 678 aut
982 650 1007 678 a
1037 637 1281 694 posteriore
1312 635 1521 678 maluisse
1552 636 1785 690 Quintilia-

196 722 302 749 num
329 722 381 749 ea
412 722 584 749 sumere
614 705 816 762 neglecto
843 720 950 748 vero
982 705 1138 748 fonte?
1171 720 1229 748 an
1256 720 1362 748 vero
1395 711 1636 748 statuemus
1662 707 1783 763 igno-

195 782 340 818 ratum
368 775 425 818 ab
452 790 503 818 eo
531 776 629 818 viro
652 776 848 818 omnium
868 774 1136 818 doctissumo
1158 774 1321 817 librum
1342 790 1458 829 esse,
1491 790 1619 832 quem
1645 791 1784 834 usque

196 844 255 888 ad
285 850 436 887 nostra
467 851 666 902 tempora
694 844 904 887 traditum
936 858 1131 902 unquam
1162 843 1344 886 latuisse
1375 843 1595 886 studiosos
1627 845 1784 887 Roma-

195 929 279 957 nae
312 913 589 972 eloquentiae
620 913 751 971 plane
783 913 1074 971 improbabile
1104 919 1190 968 est,
1227 920 1270 956 et
1301 913 1493 971 aliquem
1521 913 1786 970 plagiarium

197 984 434 1040 fingemus,
462 998 547 1041 quo
578 999 684 1026 usus
709 985 765 1026 sit
787 982 976 1038 Fabius,
1011 998 1141 1041 quem
1163 983 1362 1026 extitisse
1385 998 1440 1026 ne
1465 984 1786 1025 tenuissummn

197 1052 375 1111 quidem
406 1053 644 1109 vestigium
674 1052 985 1111 repe1·itur?³).

312 1121 458 1177 Haec,
486 1137 598 1180 quae
625 1124 730 1166 satis
754 1122 1006 1165 manufesta
1035 1136 1133 1164 esse
1158 1121 1387 1176 videntur,
1421 1121 1651 1164 doctorum
1683 1138 1786 1180 quo-

197 1191 385 1234 rundam
423 1192 621 1234 virorum
662 1192 999 1235 ariolationibus
1042 1199 1212 1234 mature
1251 1192 1488 1235 obscurata
1535 1199 1659 1234 sunt:
1711 1207 1785 1235 eas

197 1275 349 1306 omnes
378 1276 611 1304 recensere
641 1277 730 1304 non
758 1278 867 1320 opus
891 1269 976 1317 est,
1002 1263 1090 1304 nisi
1115 1262 1317 1320 exempla
1342 1263 1528 1304 vitiosae
1556 1277 1786 1318 argumen-

197 1331 377 1374 tationis
389 1331 422 1387 ⁴)
455 1345 696 1387 congerere
736 1332 939 1374 velimus.
1009 1332 1122 1374 vidit
1153 1347 1308 1374 verum
1336 1340 1510 1390 praeter
1540 1332 1786 1374 Victorium

199 1399 428 1457 Sigonium
459 1399 682 1442 Muretum
711 1401 978 1444 Lambinum
1009 1400 1275 1443 Salmasium
1312 1400 1368 1442 A.
1401 1399 1676 1455 Ricobonus,
1713 1415 1785 1443 ex-

197 1531 332 1569 culum,
358 1530 673 1573 interpretationem
700 1523 980 1564 conclusionem'.
1034 1530 1079 1562 cs.
1116 1530 1190 1564 147.
1220 1532 1279 1565 ii:
1313 1530 1390 1565 147.
1418 1529 1480 1563 23:
1512 1529 1590 1566 159,
1614 1529 1677 1567 203
1707 1529 1785 1569 163,

200 1590 261 1628 14;
286 1589 365 1628 164,
390 1589 450 1627 17:
472 1588 551 1628 149,
576 1588 636 1627 18;
661 1590 740 1628 152,
764 1589 826 1627 103
851 1589 928 1623 152.
947 1589 1010 1623 20:
1034 1589 1112 1623 167,
1138 1590 1178 1626 8;
1202 1590 1278 1622 171.
1301 1589 1331 1621 1.
1361 1588 1600 1631 gravissumus
1622 1588 1717 1619 lot-us
1737 1594 1787 1621 cst

198 1649 241 1688 V,
266 1647 324 1687 10,
351 1649 373 1681 2
394 1641 596 1692 ‘pluresque
624 1649 779 1681 invenies
805 1650 839 1681 in
866 1659 906 1680 ea
934 1649 1116 1691 opinione,
1143 1656 1178 1680 ut
1208 1649 1242 1680 id
1265 1648 1422 1685 demum,
1450 1647 1542 1687 quod
1565 1656 1683 1689 pugna
1708 1657 1786 1679 con-

197 1712 282 1746 stat,
310 1706 528 1750 enthymema
550 1707 663 1750 accipi
686 1707 810 1740 velint:
849 1714 881 1740 et
907 1707 985 1740 idco
1013 1707 1100 1739 illud
1127 1706 1329 1740 Cornificius
1352 1698 1584 1738 ‘contrarium'
1609 1697 1786 1748 appellat’:

199 1764 314 1804 Quint.
344 1765 427 1798 dicit
453 1765 566 1798 locum
594 1765 683 1805 151,
715 1767 737 1799 4
762 1777 861 1808 sqq.‚
900 1767 959 1798 ubi
988 1761 1180 1800 ‘conclusio
1208 1776 1250 1798 ex
1279 1759 1563 1808 repugnantibus'
1585 1774 1686 1804 quam
1712 1764 1787 1807 ipse

199 1825 366 1869 appellat,
393 1825 444 1859 sic
470 1825 678 1858 describitur
704 1836 724 1857 a
740 1832 878 1858 nostro:
903 1819 1125 1858 ‘eontrarium
1146 1832 1208 1863 est,
1237 1824 1328 1866 quod
1349 1833 1392 1855 cx
1414 1823 1514 1855 rebus
1535 1822 1685 1855 divorsis
1704 1821 1787 1854 dua-

198 1885 264 1918 bus
291 1883 434 1916 alteram
461 1884 611 1917 breviter
645 1890 676 1916 et
712 1884 814 1916 facile
842 1884 1019 1916 confirmat
1048 1902 1095 1906 —
1120 1883 1185 1915 hoc
1214 1883 1448 1916 exornationis
1477 1892 1586 1925 genus
1612 1898 1660 1904 ——
1685 1890 1787 1921 quom

199 1943 417 1977 commodum
443 1948 494 1975 est
523 1942 642 1975 auditu
678 1949 819 1987 propter
842 1943 983 1975 brevem
1015 1948 1046 1975 et
1080 1941 1276 1985 apsolutam
1303 1940 1579 1976 conclusionem,
1612 1944 1683 1970 tum
1708 1948 1788 1971 vero

198 2002 438 2040 vehementer,
465 2002 502 2035 id
528 2002 620 2043 quod
647 2012 734 2046 opus
763 2008 813 2035 est
836 2003 979 2040 oratori,
1013 2001 1202 2044 conprobat
1230 2000 1400 2031 contraria
1426 1992 1473 2030 re’
1499 2004 1562 2030 etc.
1615 1996 1660 2029 cf.
1688 2007 1788 2040 prae-

197 2067 292 2095 terea
321 2060 380 2100 IX,
408 2060 442 2100 3,
469 2059 515 2094 90
535 2054 630 2092 ‘nam
657 2066 687 2093 et
714 2061 781 2093 hoc
807 2060 1016 2103 (finitionem
1040 2057 1144 2103 puta)
1170 2057 1373 2091 Cornificius
1398 2063 1499 2098 atque
1523 2056 1673 2088 Rutilius
1699 2056 1788 2098 σχῆ-

198 2131 251 2163 μα
276 2116 410 2160 λέξεως
435 2112 564 2164 putaut'
593 2129 660 2161 quo
683 2118 898 2162 significatur
923 2119 1076 2151 definitio
1099 2118 1184 2157 162,
1219 2118 1282 2156 22,
1309 2123 1340 2149 et
1363 2116 1428 2157 IX,
1457 2116 1498 2155 3,
1527 2116 1570 2147 27
1600 2108 1707 2146 ‘idem
1737 2115 1789 2146 di-

198 2184 290 2212 ctum
315 2180 361 2212 sit
385 2178 429 2211 de
453 2179 607 2212 oratione
635 2178 763 2217 libera,
792 2187 895 2219 quam
920 2176 1126 2210 Cornificius
1152 2177 1327 2209 licentiam
1345 2174 1446 2219 (180,
1465 2173 1506 2216 6)
1532 2179 1642 2213 vocat,
1666 2174 1788 2205 Graeci

148 2224 158 2225 ἶ
199 2229 444 2280 παρρησίαν’.
498 2248 599 2279 quem
620 2237 732 2270 locum
759 2237 875 2269 laudat
902 2236 962 2270 Iul.
992 2236 1194 2268 Rufinianus
1219 2234 1273 2277 (p.
1302 2233 1360 2266 36.
1389 2233 1443 2265 ed.
1474 2229 1646 2274 Capper.)
1671 2232 1788 2264 nescio

198 2307 241 2329 an
268 2305 337 2328 non
363 2295 405 2328 de
432 2295 545 2338 ipsius
573 2295 746 2328 Cornificii
773 2295 905 2335 verbis,
938 2295 1051 2338 potuit
1078 2294 1169 2326 enim
1201 2292 1404 2332 Quintiliani
1428 2291 1496 2324 fide
1522 2300 1600 2322 eum
1631 2289 1785 2322 laudare.

198 2357 292 2400 quod
315 2356 362 2391 M.
390 2354 530 2388 Mattius
557 2353 725 2393 affirmat,
753 2347 873 2385 ‘multo
903 2355 1091 2386 maximam
1124 2358 1258 2395 partem
1296 2351 1434 2382 illarum
1459 2349 1667 2393 figurarum,
1700 2358 1787 2390 quae

199 2415 294 2459 apud
318 2414 410 2447 hunc
435 2415 603 2451 incertum
630 2419 804 2445 auctorem
831 2419 928 2452 sunt,
964 2412 1091 2446 iisdem
1124 2410 1322 2443 nominibus
1350 2419 1370 2442 a
1398 2408 1562 2441 Cicerone
1586 2408 1683 2451 prius
1711 2417 1788 2439 esse

198 2475 383 2517 insignitas
408 2490 456 2495 -—-
478 2478 515 2503 ut
547 2482 690 2505 necesse
725 2473 769 2504 sit
800 2471 922 2512 fateri,
960 2481 1000 2504 ea
1025 2470 1164 2504 nomina
1194 2479 1262 2502 non
1287 2469 1328 2501 ab
1355 2467 1555 2506 Cornificio,
1595 2466 1658 2499 sed
1681 2465 1787 2499 multo

200 2539 278 2566 ante
304 2542 382 2565 eum
404 2537 522 2563 natum
548 2530 639 2563 faeta
665 2523 784 2564 fuisse'
811 2529 933 2573 (Opin.
965 2527 1051 2572 186)
1073 2529 1177 2572 plane
1201 2527 1346 2562 fallitur.

296 2590 334 2632 1)
357 2589 416 2629 IX,
443 2588 478 2629 3,
501 2587 543 2622 31
571 2599 615 2621 ex
642 2589 720 2628 145,
748 2590 788 2627 23
817 2589 862 2621 54
887 2599 931 2621 ex
958 2587 1038 2628 162,
1066 2587 1130 2627 14;
1158 2587 1205 2619 ib.
1235 2587 1280 2620 70
1306 2596 1350 2618 ex
1378 2585 1464 2625 146,
1491 2583 1531 2623 3;
1559 2583 1606 2615 ib.
1637 2593 1681 2615 ex
1708 2581 1787 2622 156,

201 2651 240 2691 63
266 2650 314 2684 ib.
343 2650 388 2682 72
413 2658 457 2681 ex
483 2647 562 2687 157,
593 2647 648 2680 12.

296 2707 336 2750 2)
362 2707 408 2742 cf.
439 2704 639 2740 121—-132
666 2706 842 2748 egregiam
868 2705 911 2737 de
936 2704 1002 2737 hac
1028 2715 1064 2736 re
1089 2701 1264 2736 Cornificii
1289 2701 1569 2745 disputationem.

297 2765 337 2809 3)
363 2777 405 2799 ea
428 2771 543 2798 tamen
569 2765 740 2797 sententia
764 2770 814 2797 est
838 2763 1014 2806 Schiitzii,
1041 2761 1204 2805 Prolegg.
1228 2761 1326 2802 XLI,
1348 2755 1437 2793 ‘fieri
1456 2760 1630 2803 potuisse,
1649 2763 1685 2790 ut
1708 2757 1788 2790 Cor-

204 2826 312 2860 nificii
338 2825 426 2857 liber
452 2834 529 2856 cum
555 2822 653 2854 libris
680 2823 725 2855 ad
750 2823 960 2856 Herennium
997 2822 1142 2854 eandem
1168 2821 1210 2853 ob
1244 2831 1403 2859 causam,
1435 2830 1478 2852 ex
1505 2828 1573 2860 qua
1597 2816 1786 2849 similitudo

204 2886 294 2917 inter
317 2884 574 2917 Herennianum
599 2887 631 2914 et
659 2881 858 2915 Ciceronem
883 2882 926 2915 de
946 2882 1145 2914 Inventione
1170 2881 1290 2920 fluxit,
1314 2879 1430 2911 multis
1454 2878 1539 2910 locis
1564 2867 1782 2909 conveniret’.

294 2941 336 2984 4)
361 2941 407 2977 cf.
435 2941 493 2981 56,
519 2940 540 2974 3
566 2951 642 2981 sqq.
