1923 3182
794 192 1004 229 NOTAE.
1568 189 1653 231 239

154 301 198 335 10
231 302 414 344 praecipit.
449 319 496 324 -—
543 307 572 334 6.
607 302 838 346 confugiet
871 303 1308 346 ad'inprudentiam.
1341 303 1385 336 cf.
1412 303 1481 336 Cic.
1509 306 1580 340 inv,
1609 305 1650 343 ΙΙ,

149 361 207 394 37.
230 354 298 393 ‘sin
325 366 438 393 autem
463 361 497 392 in
523 368 600 393 ante
628 369 703 394 acta
726 363 797 394 vita
824 362 959 404 aliquae
983 363 1213 405 turpitudines
1233 368 1331 394 erunt
1351 363 1650 406 —inprudentiae

150 419 396 452 necessitudini
421 421 639 461 persuasioni
664 412 919 453 adulescentiae
945 425 1001 452 aut
1022 421 1126 452 alicui
1152 430 1218 452 non
1244 420 1436 453 malitiosae
1462 422 1568 453 animi
1591 422 1647 454 ad·

148 477 288 510 fectioni
321 471 583 510 adtribuentur?
715 485 741 510 7.
785 478 946 520 quibus
988 478 1116 510 rebus
1161 479 1446 520 vituperatio
1484 490 1647 520 eorum,

148 547 257 578 quae
287 542 413 569 extra
439 536 483 568 id
509 537 673 568 crimen
700 542 843 574 erunt,
873 536 1031 568 debeat
1054 538 1296 579 assignari.
1350 537 1436 569 haec
1460 539 1549 570 enim
1576 538 1650 571 sola

147 595 305 628 concedit
334 594 510 633 defensor,
549 605 637 636 quae
668 599 841 635 nequeunt
876 594 920 626 ad
955 594 1069 637 ipsum
1099 596 1227 628 crimen
1251 596 1524 628 accommodari:
1558 597 1650 638 quod

148 654 251 698 volgo
276 654 415 687 additur
435 645 527 685 ‘non'
555 658 631 684 ante
655 644 800 684 ‘debeat’
830 662 970 684 sensum
1003 652 1108 685 efficit
1133 658 1277 695 patrono
1303 653 1403 696 plane
1429 656 1647 690 contrarium,

149 718 184 744 ut
207 712 276 744 iam
302 711 431 744 Schiitz
462 710 647 743 intellexit.
690 710 734 742 cf.
763 711 864 742 etiam
889 710 958 743 Cic.
985 710 1006 743 l.
1035 722 1066 745 c.
1087 703 1206 742 ‘alicui
1232 721 1299 744 non
1326 712 1518 746 malitiosae
1544 715 1649 747 animi

146 770 333 803 adfectioni
367 769 623 810 adtribuentur,
657 775 693 800 ut
719 770 854 802 animus
890 780 957 802 non
989 770 1127 802 omnino
1153 771 1306 813 integer,
1342 777 1393 803 set
1419 782 1438 803 a
1467 773 1525 804 tali
1548 774 1649 816 culpa

146 834 297 862 remotus
321 838 400 862 esse
425 820 605 859 videatur.’
731 833 773 859 10.
801 828 927 871 prius
954 827 988 859 h.
1007 839 1035 859 e.
1062 835 1244 869 antequam
1271 835 1425 862 extrema
1449 831 1648 864 defensione

147 892 271 919 utatur.
396 893 439 918 11.
468 885 719 918 rumoribus
751 886 870 918 credi
904 896 985 920 non
1013 896 1078 929 op.
1109 888 1275 920 Isocrates
1302 888 1378 927 XV,
1401 888 1447 921 32
1484 897 1574 922 vetat
1599 892 1650 922 ὶιι-

146 944 242 977 dices
265 945 350 982 ταῖς
375 938 508 984 δόξαις
544 941 716 986 χρῆσθαι
740 945 824 982 ταῖς
845 937 990 982 ἀδίκως
1019 936 1083 976 ὑπ’
1111 937 1268 976 ἐκείνων
1292 939 1386 988 ὑμῖν
1411 941 1648 991 ἐγγεγενημέ-

145 1013 243 1040 ναις.
294 1003 374 1036 vide
406 1004 508 1036 etiam
541 1003 611 1035 Cic.
650 1004 721 1035 Inv.
753 1004 795 1042 ΙΙ,
831 1002 887 1036 37.
919 1021 966 1026 -—
1015 1010 1060 1036 13.
1099 1010 1304 1037 extrema
1338 1005 1423 1039 def.
1454 1014 1487 1039 ut
1515 1007 1584 1042 Cic.
1611 1019 1644 1051 p.

144 1061 259 1094 Planc.
291 1061 346 1095 16.
374 1080 422 1084 —
448 1062 499 1094 de
526 1061 722 1094 moribus
748 1068 853 1104 aput
880 1072 1103 1095 censores.
1140 1063 1183 1095 cf.
1209 1064 1248 1096 G.
1278 1065 1319 1096 A.
1348 1064 1479 1098 Becker
1503 1067 1643 1108 Antiqu.

143 1119 241 1152 Rom.
271 1120 312 1159 11,
340 1120 407 1152 211
435 1131 488 1161 sq.
515 1138 562 1142 —
612 1126 655 1153 16.
680 1119 890 1152 conlatio.
926 1120 968 1152 de
1003 1130 1043 1152 ea
1076 1120 1145 1154 Cic,
1172 1122 1243 1153 Inv,
1271 1123 1313 1163 11,
1338 1123 1401 1155 24:
1435 1117 1484 1156 ‘in
1510 1124 1574 1157 hoc
1599 1143 1645 1150 —
1671 1127 1692 1159 6

145 1178 220 1211 1000
245 1184 347 1222 caput
369 1178 456 1211 illud
479 1179 543 1211 erit
568 1180 771 1218 accusatori,
797 1180 826 1211 si
848 1179 1084 1212 demonstrare
1104 1181 1240 1223 poterit,
1269 1181 1328 1213 alii
1354 1185 1482 1216 nemini
1509 1195 1646 1217 causam

143 1235 253 1270 fuisse
277 1237 448 1276 faciendi;
484 1237 737 1276 secundariam,
758 1238 787 1269 si
814 1244 943 1269 tantam
967 1244 1023 1269 aut
1050 1245 1117 1270 tam
1140 1240 1299 1272 idoneam
1321 1236 1474 1275 11emini.'
1514 1255 1549 1286 p.
1572 1245 1643 1280 Mil,

144 1294 207 1328 32:
227 1287 330 1327 ‘illud
353 1294 555 1328 Cassianum
576 1288 647 1327 ‘cui
672 1296 762 1328 bono
790 1290 904 1328 suerit’
929 1297 960 1327 in
990 1296 1044 1329 his
1070 1299 1226 1340 personis
1252 1293 1388 1333 valcat.'
1435 1302 1524 1334 adde
1546 1314 1580 1345 p.
1607 1304 1642 1337 S.

145 1354 246 1387 Rosc.
273 1353 332 1387 84.
360 1353 503 1396 Antiph.
530 1354 567 1391 ΙΙ,
594 1364 629 1396 α,
659 1356 692 1389 5,
722 1355 826 1387 Isocr.
854 1354 964 1392 XVII,
990 1355 1036 1387 46
1061 1367 1134 1397 sqq.
1161 1375 1206 1379 —
1231 1363 1276 1392 19.
1304 1364 1373 1390 aut
1400 1369 1481 1392 non
1505 1371 1644 1403 aeque

143 1412 359 1444 commode
389 1412 605 1455 potuisse.
657 1412 723 1444 huc
755 1412 816 1444 illa
848 1413 883 1444 in
916 1412 1187 1454 frequentatione
1212 1417 1325 1457 posita
1360 1416 1436 1458 (lV,
1471 1417 1533 1461 53)
1565 1430 1644 1463 spe-

144 1476 250 1502 ctant:
271 1462 399 1512 ‘neque
425 1472 645 1514 praeteritum
675 1471 864 1512 quidquam
889 1478 939 1503 est
967 1472 1007 1504 ab
1035 1473 1120 1513 isto,
1148 1474 1240 1514 quod
1265 1485 1351 1518 opus
1378 1475 1481 1508 fuerit
1505 1478 1549 1509 ad
1575 1489 1647 1510 ma-

143 1529 310 1569 leficium,
338 1540 449 1571 neque
477 1530 622 1569 factum,
656 1531 748 1572 quod
775 1540 862 1574 opus
886 1541 952 1563 non
980 1525 1093 1564 fuerit'
1119 1539 1149 1563 et
1177 1532 1290 1570 Quint.
1315 1535 1396 1574 vn,
1424 1537 1462 1577 2,
1488 1538 1533 1569 42
1553 1531 1646 1580 ‘post

142 1587 229 1620 haec
253 1588 420 1620 intuenda
453 1588 612 1621 videntur
637 1596 669 1621 et
693 1589 838 1621 consilia
862 1607 909 1612 —-
932 1600 974 1620 au
1002 1590 1069 1621 alio
1098 1599 1249 1633 tempore
1269 1599 1303 1623 et
1329 1593 1428 1626 aliter
1453 1594 1567 1628 facere
1592 1596 1646 1628 vel

143 1646 282 1679 facilius
305 1647 361 1679 vel
384 1648 539 1681 securius
562 1641 720 1691 potuerit'
747 1655 810 1680 etc.
837 1667 884 1670 —
923 1655 969 1683 20.
998 1649 1093 1681 illas
1120 1651 1311 1682 rationes
1336 1653 1517 1686 meliorum
1543 1655 1642 1687 codd.

141 1705 241 1738 lectio
265 1706 406 1749 probari
432 1716 498 1738 non
521 1712 646 1749 potest,
673 1706 753 1748 quia
773 1704 828 1738 hic
856 1716 923 1738 non
949 1707 993 1739 ad
1020 1713 1129 1739 certas
1162 1709 1328 1748 quasdam
1354 1712 1502 1743 rationes
1535 1714 1645 1755 respi-

139 1765 203 1804 cit,
232 1764 342 1796 alias
368 1771 481 1797 autem
507 1771 625 1808 aperte
652 1775 672 1797 a
694 1771 885 1798 correctore
910 1772 980 1798 est:
1016 1767 1131 1807 itaque
1157 1768 1284 1801 notavi.
1386 1775 1432 1803 21,
1460 1778 1645 1814 propter

140 1823 432 1866 cupiditatem
467 1817 627 1865 ‘quorum
660 1817 760 1856 enim'
796 1826 843 1857 ait
878 1824 949 1857 Cic.
986 1836 1022 1868 p.
1055 1826 1187 1858 Cluent.
1228 1825 1291 1859 183
1329 1822 1470 1861 ‘eminet
1501 1831 1644 1863 audacia

139 1887 243 1923 atque
271 1883 425 1925 proiecta
451 1889 522 1921 est,
556 1893 577 1915 a
603 1883 757 1916 consiliis
782 1884 934 1916 malitiae
960 1878 1184 1917 deseruntur.³

234 1939 291 1979 32,
318 1946 345 1972 1.
374 1939 566 1972 defensoris
591 1942 742 1974 rationes
774 1942 906 1974 similes
935 1942 1156 1984 proferuntur
1193 1954 1212 1976 a
1238 1944 1308 1976 Cic.
1335 1946 1406 1979 lnv.
1438 1946 1477 1985 11,
1499 1947 1556 1988 26,
1584 1949 1644 1980 ubi

139 1999 254 2041 ipsum
277 2008 401 2031 nomen
427 1999 631 2032 conlationis
660 2010 728 2032 non
752 2000 942 2038 invenitur;
977 2000 1045 2031 alia
1071 2002 1208 2034 notione
1234 2009 1377 2045 apparet
1402 2005 1428 2042 1,
1455 2006 1514 2044 48,
1538 2013 1573 2038 ut
1598 2008 1641 2038 sit

133 2050 258 2090 ‘oratio
283 2067 356 2089 rem
389 2067 467 2089 cum
503 2067 538 2089 re
570 2067 614 2089 ex
639 2057 868 2090 similitudine
895 2052 1098 2098 conferens',
1127 2068 1419 2103 componaturque
1452 2074 1527 2095 cum
1556 2066 1640 2096 ima-

140 2115 221 2158 gine
243 2121 276 2147 et
300 2114 472 2158 exemplo.
592 2119 619 2146 3.
649 2115 836 2158 signum,
867 2116 942 2147 eius
963 2115 1117 2148 definitio
1144 2117 1326 2150 exhibetur
1351 2130 1370 2151 a
1398 2120 1467 2152 Cic.
1492 2122 1584 2164 (Inv.
1613 2124 1639 2161 1,

139 2171 200 2215 48)
223 2173 383 2205 diversa:
414 2166 568 2216 ‘signum
594 2179 663 2211 est,
699 2173 791 2214 quod
813 2174 875 2206 sub
898 2184 1037 2206 sensum
1063 2175 1212 2216 aliquem
1238 2177 1326 2209 cadit
1349 2184 1380 2209 et
1407 2179 1569 2219 quiddam
1594 2182 1640 2212 si—

138 2230 290 2274 gnificat,
317 2231 410 2272 quod
431 2242 475 2264 ex
498 2232 576 2274 ipso
604 2231 797 2274 profectum
825 2233 972 2272 videtur,
1000 2233 1092 2273 quod
1110 2239 1166 2265 aut
1192 2240 1269 2267 ante
1294 2235 1396 2268 fuerit
1421 2243 1478 2269 aut
1505 2238 1538 2269 in
1561 2239 1638 2280 ipso

137 2290 275 2332 negotio
302 2294 361 2322 aut
392 2296 470 2333 post
494 2291 539 2322 sit
572 2296 794 2322 consecutum
827 2297 859 2322 et
892 2298 1007 2323 tamen
1042 2292 1175 2335 indiget
1207 2294 1381 2327 testimoni
1415 2301 1445 2328 et
1469 2297 1640 2339 gravioris

137 2347 426 2388 confirmationis,
460 2354 497 2381 ut
518 2342 626 2382 cruor'
652 2356 716 2384 etc.
749 2350 847 2382 vides
872 2349 957 2382 haec
983 2350 1149 2393 pleraque
1174 2354 1357 2385 convenire
1382 2364 1458 2386 cum
1484 2355 1639 2397 partibus

137 2408 330 2450 argumenti
357 2406 449 2439 infra
472 2406 528 2447 33,
559 2407 602 2440 16
624 2418 698 2450 sqq.
724 2409 924 2442 tractandis.
1045 2416 1074 2442 4.
1100 2410 1144 2442 id
1169 2410 1392 2444 dividitur
1426 2414 1466 2445 in
1492 2415 1638 2456 partis

134 2476 222 2499 sex,
275 2475 335 2497 eae
367 2475 424 2507 ap.
460 2464 530 2498 Cic.
564 2467 635 2498 InV.
670 2467 696 2505 1,
724 2466 768 2500 37
795 2477 872 2508 sqq.
907 2467 1122 2500 subiciuntur
1153 2470 1301 2512 gestioni
1326 2473 1460 2514 negoti;
1501 2482 1640 2505 enume-

135 2529 252 2556 rantur
276 2532 386 2566 paene
411 2532 529 2555 omnes
555 2534 590 2566 p.
622 2524 714 2557 Cael.
749 2525 795 2558 54
823 2518 905 2557 ‘non
931 2536 1036 2558 causa
1058 2537 1126 2559 non
1152 2527 1248 2561 locus
1272 2539 1340 2561 non
1362 2529 1543 2563 facultates
1569 2541 1637 2563 non

135 2582 295 2614 conscius
324 2590 392 2612 non
420 2581 622 2624 perficiendi
656 2592 724 2616 non
757 2583 951 2616 occultandi
981 2585 1130 2618 malefici
1161 2596 1241 2629 spes
1270 2596 1338 2619 non
1361 2589 1447 2620 ratio
1472 2589 1545 2622 ulla
1569 2600 1637 2622 non

135 2639 320 2681 vestigium
345 2641 499 2672 maxumi
524 2640 687 2673 facinoris
711 2637 928 2684 reperietur.'
1020 2652 1048 2678 5.
1076 2645 1118 2677 de
1143 2645 1218 2678 loco
1241 2646 1323 2678 vide
1347 2645 1419 2681 Cic.
1440 2648 1513 2680 inv,
1537 2649 1563 2687 Ι,
1589 2648 1634 2681 38
1660 2649 1679 2680 7

134 2697 227 2729 unde
249 2696 318 2728 huc
341 2696 438 2730 illata
464 2704 516 2730 cst.
532 2692 755 2733 ‘solitudinis’
781 2702 907 2733 mentio
921 2726 928 2739 ‚
957 2712 1059 2742 quam
1080 2713 1169 2735 nunc
1191 2704 1292 2736 doleo
1317 2714 1386 2736 non
1410 2705 1512 2748 plane
1533 2717 1553 2737 a
1578 2717 1632 2737 me

138 2754 308 2787 sublatam
329 2757 529 2788 auctoritate
555 2757 655 2789 codd.
683 2763 733 2799 μτ.
785 2765 864 2801 apte
886 2765 999 2791 monet
1026 2760 1170 2804 Longin.
1206 2762 1266 2802 IX,
1290 2763 1359 2796 552
1385 2758 1485 2794 ἔστιν
1513 2759 1553 2793 δὲ
1573 2755 1634 2793 ὅτε

135 2809 201 2844 καὶ
227 2806 269 2844 τὸ
293 2805 333 2843 ἐν
362 2805 499 2857 ἐρημίᾳ
526 2809 746 2857 δεινότερον
775 2813 840 2848 καὶ
865 2811 907 2849 τὸ
932 2810 972 2849 ἐν
994 2811 1085 2859 ὄψει
1117 2819 1220 2861 (bene
1251 2820 1301 2851 sic
1327 2819 1497 2862 Spengel)
1529 2819 1634 2861 χαλε-

137 2865 322 2913 πώτερον.
374 2872 571 2915 exemplum
593 2873 659 2905 loci
684 2875 718 2906 in
745 2877 1040 2918 argumentatione
1066 2877 1212 2909 adhibiti
1236 2878 1378 2919 praebet
1404 2877 1474 2911 Cic.
1502 2887 1538 2919 p.
1558 2877 1630 2909 Mil.

139 2927 195 2960 53.
222 2946 270 2951 —-
301 2934 330 2961 6.
358 2930 508 2962 notanda
528 2931 711 2963 masculini
732 2931 844 2965 forma
863 2933 1070 2967 celebris.
1093 2952 1141 2958 —
1170 2941 1199 2968 8.
1226 2935 1339 2975 quod
1360 2941 1424 2966 est
1451 2934 1631 2973 factum,
