1907 3166
135 1194 181 1226 3-t

227 131 313 173 280
881 139 1089 176 NOTAE.

220 240 395 288 ‘duplices
422 240 678 279 similitudines'
707 248 753 280 nil
781 249 940 287 afferret,
969 251 1060 292 quod
1087 262 1154 284 non
1181 254 1247 286 iam
1269 261 1361 287 esset
1381 257 1415 288 in
1436 260 1588 302 protasi3
1615 265 1650 293 at
1672 261 1737 295 hoc

226 305 336 347 ipsius
365 306 549 337 mutatione
582 298 759 347 ‘quoniam
794 318 876 350 ergo
911 319 1023 341 rerum
1058 310 1244 344 simulacra
1279 324 1355 346 esse
1388 323 1521 359 oportet
1556 324 1589 351 et
1620 320 1736 354 verbis

225 370 357 394 nosmet
386 370 482 396 notas
509 364 757 397 similitmlines
795 365 924 409 eligere
958 367 1142 407 debemus,
1176 370 1334 413 duplices
1368 373 1539 418 imagines
1572 387 1649 410 esse
1675 378 1734 411 de-

221 414 309 452 bent’
344 423 494 455 minume
527 425 670 456 vitatur:
714 424 838 457 melius
870 436 948 458 eum
983 426 1107 460 docere
1141 435 1273 471 poterut
1307 430 1407 464 lectio
1441 434 1594 468 omnium
1628 436 1730 473 codd.

215 472 388 522 ‘duplices
415 475 540 523 igitnr’.
594 485 696 516 etium
725 485 767 516 dc
793 496 889 526 seqq.
919 485 1084 519 inutiliter
1110 494 1256 530 nugatus
1283 497 1354 529 est,
1389 501 1492 533 quom
1526 493 1570 526 ad
1595 500 1731 529 senten-

218 539 299 570 tiam
326 540 429 571 totius
458 540 521 573 loci
551 552 617 589 ”U
645 542 825 575 attendens
858 543 996 586 singula
1028 545 1078 578 sic
1108 546 1292 579 scribendo
1326 548 1570 593 depravasset:
1604 545 1732 587 ‘rerum

218 597 386 640 imagines
420 608 687 642 expronmntm·.
728 613 760 643 q.
792 614 820 634 s.
850 603 872 637 i.
903 613 928 637 r.
965 603 1212 637 similitudines
1239 616 1501 650 comparamus,
1549 613 1730 647 verborum

216 656 384 698 imagines
410 669 439 692 c.
469 670 502 700 q,
532 670 564 691 u.
596 672 626 695 e,
656 671 687 694 n.
714 673 744 695 e.
771 671 803 695 v.
833 672 877 695 m.
901 662 1129 695 similitudine
1155 658 1298 697 notatur'
1326 676 1392 698 non
1418 668 1509 702 enim
1531 670 1621 704 velle
1645 674 1730 706 scri-

215 722 346 757 ptorem
373 717 566 760 explicare.
595 719 676 761 quid
699 720 766 751 sint
794 720 1062 758 similitudines.
1089 728 1140 755 set
1168 723 1251 764 quid
1284 724 1466 768 imagines,
1501 737 1541 760 ac
1576 730 1727 763 vocabu-

214 773 282 805 lum
310 775 481 817 imngiues
508 777 599 819 quod
621 779 663 810 sit
691 778 888 815 delinitum,
917 789 983 812 non
1011 780 1137 814 debere
1162 783 1194 813 in
1219 782 1420 817 delinitione
1440 786 1535 829 poni,
1587 793 1621 820 at
1644 788 1729 822 baec

213 832 305 864 nulla
331 841 381 865 est
409 834 583 873 ‹lt-linitio,
616 844 665 868 set
704 838 903 880 praeceptio
931 843 1079 879 tantum,
1108 832 1248 884 ‘imago'
1282 852 1348 874 non
1375 854 1436 886 per
1461 845 1726 880 similitudinem

213 890 424 934 explicatur,
473 901 524 926 set
571 902 749 937 utrumque
797 896 1004 929 vocabulum
1045 898 1146 942 plane
1180 900 1272 933 idem
1308 902 1511 945 significans
1546 905 1579 936 in
1614 906 1726 939 vicem

215 958 411 993 usurpatur.

311 1009 388 1045 114.
415 1017 443 1044 9.
480 1011 653 1043 medico
686 1022 735 1046 sc.
771 1013 901 1056 digito,
930 1015 1020 1056 qnod
1048 1026 1090 1047 ex
1117 1016 1204 1049 l’itlt.
1234 1017 1369 1050 addidit
1394 1018 1543 1060 Schiitz‚
1583 1031 1625 1055 ue
1651 1033 1721 1056 am-

215 1067 371 1110 phibolia
404 1071 578 1101 exis-teret.
640 1071 794 1103 incdit-ns
830 1073 959 1116 digitus
991 1085 1019 1106 s.
1055 1074 1274 1107 medicinalis
1308 1083 1360 1109 est
1394 1078 1528 1111 vicinus
1561 1080 1604 1113 ab
1639 1082 1719 1122 imo,

210 1126 255 1158 el'.
292 1127 440 1159 Mat-rob.
481 1129 551 1160 Sat.
590 1130 671 1168 x'lt,
711 1131 763 1165 18.
826 1132 1062 1165 testiculos
1097 1134 1324 1168 arietinos
1360 1136 1383 1171 i.
1418 1147 1448 1168 e.
1476 1147 1674 1172 crumenam
1700 1152 1719 1173 e

213 1185 385 1228 pelliculis
412 1187 644 1219 testiculorum
663 1190 896 1221 arietinorum.
950 1197 992 1222 lt.
1021 1198 1168 1224 cetera
1193 1193 1379 1226 erimina
1404 1205 1492 1236 quae
1519 1196 1602 1230 olim
1627 1208 1718 1232 com-

207 1245 297 1275 misit
321 1255 410 1278 reus,
488 1251 527 1278 ts.
557 1246 872 1280 domuitionem
886 1241 1034 1291 'primus
1053 1251 1162 1283 edidit
1181 1252 1352 1284 victorius
1373 1264 1391 1285 e
1409 1253 1480 1289 Cic.
1500 1254 1542 1288 de
1560 1255 1675 1293 Divin.
1694 1258 1718 1296 l,

204 1302 249 1334 33
276 1303 381 1337 bene,
411 1314 487 1335 nam
514 1305 696 1348 respit-itur
726 1306 769 1338 ad
792 1317 913 1339 nomen
943 1309 1082 1342 Domitii
1110 1316 1141 1342 et
1168 1321 1185 1343 e
1220 1311 1335 1344 verbis
1368 1312 1483 1357 imago
1515 1308 1561 1347 sst’
1587 1316 1718 1350 adscri-

205 1361 251 1392 bit
278 1361 358 1393 Ern.
394 1362 615 1395 confirmatur
645 1375 685 1395 en
720 1367 886 1398 eorrectio
921 1367 1066 1401 let-tione
1099 1368 1202 1404 codd.
1237 1369 1291 1402 dl·
1330 1370 1436 1404 altero
1471 1371 1545 1406 loco
1575 1385 1627 1407 vs.
1658 1377 1714 1412 2t.

207 1413 317 1451 to.‘iii
348 1421 457 1463 primo
489 1415 572 1453 loeo'
609 1422 703 1454 dedit
737 1424 886 1461 svbiitz:
927 1427 1052 1458 rectius
1088 1427 1213 1470 opinor
1247 1438 1308 1460 nos
1332 1421 1382 1461 ‘in
1417 1440 1485 1464 uno
1519 1426 1626 1473 loco,'
1660 1435 1715 1468 cui

203 1478 388 1521 respondet
414 1479 454 1511 21
486 1480 518 1511 in
545 1481 652 1513 altero
681 1482 700 1513 l.
737 1484 781 1515 cl'.
812 1494 852 1515 nc
880 1484 980 1527 longe
1011 1496 1234 1527 ‹piaerainttS,
1265 1487 1343 1527 113,
1374 1488 1428 1524 ll.
1458 1509 1502 1515 —
1535 1499 1582 1525 20.
1610 1493 1714 1539 Regi-

201 1537 264 1569 bus
283 1537 504 1571 scribendum
521 1539 596 1574 l'uit.
612 1551 677 1572 non
694 1542 846 1584 regibus.
868 1543 1020 1576 familiae
1043 1546 1133 1577 enim
1151 1546 1281 1589 Regum
1299 1548 1503 1582 Marciorum
1517 1550 1552 1584 sst
1568 1555 1708 1589 mentio.

298 1596 375 1632 115,
408 1603 431 1632 1,
470 1598 579 1630 lot-nm
607 1608 804 1643 corruptum
833 1604 928 1634 varia
955 1605 1085 1635 ratione
1119 1615 1242 1637 sanare
1271 1607 1345 1641 VV.
1375 1607 1447 1642 DD.
1478 1611 1590 1643 conati
1617 1618 1708 1645 sunt.

197 1654 324 1687 sehtnz
359 1658 539 1699 proposuit
569 1650 773 1691 ‘subornare
807 1663 982 1704 Aesopum
1015 1668 1046 1694 et
1080 1663 1255 1695 Cimbrum
1290 1665 1323 1696 in
1351 1665 1534 1709 lphigen'ta
1567 1677 1710 1713 agentes

198 1716 492 1757 Agamemnonem
520 1722 550 1746 ct
578 1710 779 1749 Menelaum'
807 1719 897 1750 idem
926 1719 1038 1763 Bergk
1068 1721 1142 1752 lud.
1177 1721 1254 1757 lect.
1293 1723 1400 1758 Max-b.
1437 1731 1522 1761 aest.
1555 1727 1646 1762 1844
1669 1740 1704 1773 p.

198 1772 276 1810 XV,
304 1773 427 1805 Orelli:
461 1766 655 1806 ‘subornari
691 1775 723 1806 in
752 1776 969 1819 lpliigeninm
1004 1789 1023 1810 a
1057 1779 1242 1814 Calchante
1271 1783 1565 1825 Agamemnonem
1591 1791 1624 1819 et
1647 1781 1706 1820 M?

194 1837 226 1862 at
247 1831 295 1862 sic
317 1840 383 1862 nou
407 1833 612 1875 exprimitur
632 1827 790 1876 ‘parant'.
823 1835 975 1867 Ribbeck
996 1837 1129 1879 (Prae-[¹.
1154 1838 1238 1877 XV)
1260 1833 1455 1885 ‘Aesopum
1481 1849 1514 1876 et
1531 1844 1705 1880 Cimbrum

193 1889 381 1922 subornare
412 1889 624 1933 lpbigeniam
651 1893 741 1924 velut
767 1901 908 1935 agentes
937 1897 1230 1937 Agamemnonem
1257 1905 1289 1930 et
1316 1892 1393 1932 M.’:
1420 1901 1602 1938 obscurius
1627 1904 1704 1946 boc,

192 1949 273 1989 quia
298 1959 363 1981 non
392 1949 620 1991 intellegitur.
647 1951 729 1992 quid
757 1953 799 1983 sit
829 1953 1017 1986 subornare
1038 1955 1267 1999 Iphigeniam.
1321 1956 1427 1993 Orelli
1451 1961 1486 1993 in
1507 1962 1562 1996 ed.
1587 1965 1704 2007 priore

191 2007 276 2039 bene
299 2007 384 2039 vidit
406 2000 488 2051 ‘Ag
518 2013 548 2038 et
578 2002 679 2040 Men?
704 2010 1008 2054 interpretamenta
1033 2024 1110 2046 esse
1138 2015 1313 2047 nominum
1342 2018 1472 2063 Aesopi
1495 2026 1528 2053 et
1550 2021 1701 2064 Cimbri3

189 2066 280 2108 quod
308 2058 552 2099 ‘subornantis'
587 2066 772 2110 legendum
807 2081 883 2102 esse
917 2071 1119 2108 statuimus,
1154 2082 1302 2115 poscere
1332 2076 1369 2109 id
1401 2078 1584 2113 videbatur
1606 2087 1703 2116 ante-

186 2124 313 2157 cedens
337 2117 561 2163 ‘tollentem'3
597 2136 635 2157 ac
664 2137 767 2168 quom
793 2135 1000 2171 apparatum
1035 2130 1207 2171 quendam
1233 2133 1425 2177 significari
1452 2136 1600 2180 liqueat,
1641 2142 1700 2175 vix

185 2182 290 2214 alium
317 2182 406 2215 hune
432 2194 507 2216 esse
541 2194 646 2227 posse
673 2186 960 2221 existumavimus
987 2198 1087 2229 quam
1121 2191 1337 2233 nuptiarum,
1373 2204 1518 2236 quarum
1550 2200 1700 2244 vestigia

185 2239 387 2273 delitescere
413 2242 618 2276 videbantur
643 2245 676 2277 in
700 2239 750 2278 ‘ut
777 2238 843 2278 ad’.
895 2247 1010 2279 versio
1042 2257 1093 2291 gr.
1129 2240 1170 2279 ἐν
1204 2247 1257 2293 τῷ
1287 2242 1401 2297 ἑτέρῳ
1434 2247 1540 2300 τόπῳ
1573 2254 1697 2290 Αἴσω·

186 2305 261 2328 πον
283 2294 422 2331 θετέον
449 2297 514 2333 καὶ
545 2297 730 2347 Κύμβρον
757 2300 821 2336 καὶ
848 2300 1118 2348 κοσμουμένην
1150 2299 1191 2338 ἐν
1218 2305 1267 2352 τῇ
1291 2304 1419 2355 πλάνῃ
1446 2305 1696 2357 Ἰφιγένειαν·

182 2348 286 2386 τοῦτ’
321 2351 423 2388 ἔσται
448 2351 522 2393 uve.
581 2364 754 2405 expressit
786 2363 967 2396 lectionem
995 2364 1126 2397 codicis
1148 2371 1163 2398 t
1196 2367 1271 2400 sive
1292 2378 1324 2403 o.
1424 2375 1452 2405 3.
1485 2378 1551 2406 set
1583 2373 1696 2410 haee

182 2430 230 2435 —
255 2415 504 2451 notatione.
533 2419 622 2452 male
651 2420 834 2454 cohaerent
861 2422 927 2455 ista
949 2415 1048 2455 ‘tum
1072 2424 1194 2458 valet
1215 2444 1262 2449 —
1284 2433 1328 2460 ut
1353 2423 1493 2464 versu'
1519 2438 1582 2467 ete.
1609 2434 1692 2468 item

185 2471 450 2514 improbandum
485 2468 586 2508 ‘hae
628 2472 882 2512 notatione’
918 2487 997 2523 post
1034 2474 1163 2515 ‘haec
1213 2485 1461 2531 imaginum
1507 2491 1693 2526 eonfor-

185 2523 334 2562 matio’
372 2541 564 2574 synonyma
594 2536 684 2568 enim
718 2547 758 2568 ea
783 2545 874 2570 sunt.
927 2539 1076 2574 fortasse
1102 2534 1184 2574 ‘vel'
1217 2551 1415 2589 corruptum
1440 2549 1474 2581 in
1493 2541 1610 2584 ‘valet’
1637 2563 1693 2586 ee-

113 2586 158 2621 35
185 2594 273 2620 teras
298 2588 416 2622 turbas
439 2592 580 2625 creavit.
688 2600 732 2628 12.
761 2596 795 2626 in
823 2596 967 2630 lectione
996 2598 1096 2642 h9r¹²
1127 2593 1260 2635 ‘firmae
1284 2609 1317 2636 et
1349 2599 1483 2639 haeres’
1509 2607 1616 2642 latere
1639 2612 1691 2644 vi-

182 2647 280 2679 detur
306 2640 418 2680 ‘firme
451 2647 654 2682 haerentes'.
714 2652 815 2684 Halm
856 2654 921 2688 boc
952 2667 992 2688 ac
1032 2663 1206 2698 tamquam
1239 2662 1465 2698 verisimilius
1505 2659 1553 2699 ‘et
1581 2662 1688 2703 acres'

179 2707 377 2749 proposuit,
404 2705 550 2739 laudans
577 2708 690 2746 Quint.
720 2709 778 2748 XI,
805 2710 838 2748 2,
862 2711 923 2742 22:
945 2705 1047 2746 ‘locis
1079 2721 1129 2748 est
1162 2718 1326 2752 utendum
1352 2721 1469 2756 multis
1495 2723 1690 2761 illustribus

179 2764 363 2808 explicatis
389 2765 535 2798 modicis
558 2766 767 2799 intervallis:
803 2769 1016 2813 imaginibus
1053 2778 1168 2806 autem
1194 2777 1378 2819 agentibus
1411 2782 1550 2816 acribus
1576 2785 1687 2830 insig-

175 2823 274 2862 nitis,
299 2833 386 2865 quae
410 2833 589 2857 occurrere
615 2825 839 2868 celeriterque
865 2834 1044 2871 percutere
1069 2833 1221 2867 animum
1252 2831 1410 2879 possint'.
1470 2846 1504 2873 at
1536 2842 1568 2875 si
1601 2844 1685 2884 quid

175 2880 378 2913 mutandum
402 2882 463 2922 sit,
490 2883 681 2926 praestabit
707 2883 928 2919 Cornificium
954 2888 1070 2931 ipsum
1098 2894 1215 2935 sequi,
1242 2894 1288 2931 ef.
1316 2907 1425 2941 supra
1442 2898 1523 2939 111,
1549 2900 1606 2934 11.
