1907 3166
286 172 370 215 294
942 173 1154 210 NOTAE.

287 290 328 328 ll,
357 287 435 322 110.
463 305 508 309 —
558 290 603 318 ιο.
632 285 785 327 aliqua
811 295 861 317 ex
897 284 1084 318 honesta
1111 296 1153 317 rc
1177 286 1223 318 εἰ.
1251 286 1333 329 Lys.
1361 285 1481 326 XXX,
1508 286 1550 327 1,
1578 291 1611 320 et
1631 286 1796 321 Dinarch.

288 349 334 386 ll,
364 346 404 383 8,
433 346 490 388 qui
520 345 614 377 locus
642 345 745 377 etium
774 344 818 377 ud
845 355 943 385 seqq.
972 337 1128 376 ‘utrum
1155 343 1206 376 nd
1232 345 1380 388 patris
1404 345 1611 378 virtutem
1644 346 1799 380 consu-

286 398 393 450 giet'
433 403 652 437 adhibendus
689 410 752 437 ost.
870 409 912 438 tl.
939 403 1068 435 vitum
1095 403 1129 435 in
1156 403 1308 447 optumis
1341 403 1440 437 libris
1467 408 1548 448 post
1572 413 1701 446 quam
1727 403 1799 438 col-

287 465 435 497 locutum
458 462 639 506 posuimus
665 469 742 494 unte
773 462 836 494 ltot·
863 472 1073 506 pronomen.
1108 462 1244 494 videtur
1271 463 1362 495 enim
1388 462 1542 506 volgaris
1570 461 1672 496 lectio
1693 455 1798 497 ‘anti-

284 515 397 566 quam’
421 533 463 554 cx
491 522 554 555 ltoc
581 522 658 565 lpso
689 514 808 553 'vitam
837 515 949 564 ‹ptum’
984 529 1062 553 nutu
1096 532 1194 558 csse:
1228 525 1408 564 practerea
1435 514 1523 554 ‘vita
1554 521 1698 555 honeste
1730 527 1798 556 tra-

284 574 382 613 ctata’
411 590 570 613 veremur
603 587 637 613 ut
672 581 792 613 Lauino
824 581 892 613 dici
920 581 1067 624 potuerit
1103 591 1164 624 pro
1193 572 1279 612 'vita
1308 579 1451 613 honeste
1484 574 1679 614 transacta’.
1731 581 1797 626 (οῖ.

283 640 369 675 Sall.
399 640 471 675 Cat.
502 638 555 681 2.)
585 640 765 672 lectionem
793 641 946 673 omnium
973 639 1075 674 codd.
1113 645 1143 671 et
1171 645 1323 671 veterum
1347 639 1427 672 edd.
1459 632 1567 674 ‘uam
1599 639 1670 674 hio
1701 642 1797 684 qui-

287 692 392 732 drm'
419 705 484 734 etr.
512 699 601 732 inult-
632 699 773 731 mutavit
800 698 923 738 Orelli,
959 700 1115 731 scribens
1138 691 1187 730 ‘at
1219 697 1274 731 tuo
1308 690 1377 740 qu.’
1411 699 1653 733 concinnitatis
1681 711 1799 740 causa,

287 759 393 791 invita
417 758 518 802 plane
544 759 724 793 senti-utin,

216 814 260 846 34
385 817 464 854 lot,
486 821 513 848 9.
549 828 673 859 quom
707 819 956 859 quaesitum
980 822 1043 849 cst
1075 834 1122 839 —
1154 816 1330 852 snt-tum.
1389 816 1456 849 huc
1482 817 1573 850 rcl'er
1596 817 1711 857 Quint.
1740 819 1799 859 tx,

286 876 321 914 2,
362 875 429 908 100
464 869 629 908 'Rutilius
662 878 736 909 sive
771 877 917 920 (joi-gius
942 877 1089 918 (ligurus
1112 874 1227 919 putat)
1253 869 1474 918 ἀνάμνησιν
1503 869 1800 921 ἇνθυποφορὰν

284 926 513 977 ἀντίρρησιν
541 930 786 978 παραιῖξησιν
813 930 1067 978 προέκθεσιν,
1095 934 1187 976 quod
1222 940 1274 967 cst
1306 935 1441 973 dicero,
1477 934 1561 976 quid
1592 934 1666 969 lieri
1697 946 1800 981 opor-

287 993 405 1029 tuerit.
429 993 554 1026 tlt-inde
581 995 663 1036 quid
691 996 818 1027 sactum
845 988 913 1027 sits
1024 1001 1067 1028 12.
1101 994 1253 1036 loquitur
1279 994 1315 1029 C.
1343 993 1535 1037 Popillius,
1570 995 1669 1028 cuius
1695 1005 1800 1028 causa

286 1059 442 1083 narratur
469 1053 497 1087 Ι.
523 1054 580 1088 25,
612 1071 657 1076 —
694 1060 736 1088 tt.
766 1055 990 1098 prodirem
1025 1054 1206 1086 lectionem
1233 1053 1310 1088 cod.
1339 1058 1352 1086 t
1382 1052 1628 1096 praetulimus,
1666 1060 1702 1087 ut
1727 1065 1799 1087 scr-

287 1118 424 1142 vuretur
450 1113 684 1149 concinnitas,
711 1124 789 1145 uam
816 1121 928 1146 cetera
954 1123 1090 1155 quoque
1116 1112 1239 1152 verba,
1266 1112 1392 1154 quibus
1421 1112 1464 1145 de
1492 1113 1639 1157 imperio
1661 1124 1726 1148 suo
1750 1115 1798 1148 lo-

287 1170 419 1210 quitur.
453 1170 664 1214 singularem
699 1172 841 1205 hubent:
876 1166 1122 1214 ‘relinquerem
1155 1189 1200 1194 ——
1235 1171 1455 1216 neglegerent
1481 1189 1528 1195 —
1555 1167 1797 1216 repudiarem’,

286 1228 406 1261 eadem
434 1229 476 1264 tle
498 1241 602 1262 cuusu
632 1233 673 1265 lu
698 1243 739 1264 cx
769 1243 835 1263 uno
861 1243 879 1264 c
906 1238 1080 1275 receptum
1108 1237 1159 1263 est
1188 1231 1410 1264 habebam.

382 1290 460 1327 102.
490 1298 514 1323 t.
552 1302 624 1323 vos.
660 1291 860 1323 nitet-utrum
893 1304 912 1323 n
949 1291 1101 1323 librariis
1134 1290 1326 1333 protectum
1362 1295 1426 1324 est.
1531 1295 1559 1324 7.
1592 1290 1798 1333 gradatio

283 1355 333 1381 cst
360 1347 497 1392 κλῐμαξ
526 1351 723 1383 Alexandro
752 1351 840 1389 Vlll,
866 1350 945 1384 467.
971 1350 1110 1382 Tiberio
1137 1350 1216 1386 557.
1242 1349 1437 1381 Herodiano
1461 1346 1551 1391 603,
1580 1349 1728 1391 Aquilae
1755 1351 1797 1390 ll,

288 1408 350 1449 18,
381 1409 466 1441 lulio
494 1410 695 1445 Ruliuiuuo:
737 1410 898 1452 lleruiog.
935 1418 975 1443 π.
1009 1403 1060 1440 td.
1099 1408 1188 1448 280,
1223 1409 1267 1442 19
1296 1407 1451 1453 appellat
1481 1400 1525 1439 τὸ
1557 1403 1798 1451 κλιμακωτόν

284 1465 430 1508 σχῆμα,
460 1468 564 1500 Rutil.
596 1469 620 1506 Ι,
655 1470 693 1501 12
722 1461 950 1510 ἕπιπλοκήν,
1004 1468 1116 1500 obiter
1141 1467 1293 1512 tangitur
1319 1467 1430 1511 figura
1456 1476 1477 1499 a
1502 1465 1572 1502 cic.
1601 1466 1645 1500 de
1664 1478 1715 1504 or.
1739 1469 1796 1509 tlt,

283 1526 371 1561 ⁶207:
398 1534 428 1558 ct
457 1529 512 1558 tir.
545 1527 627 1562 135,
662 1528 736 1570 (ulii
766 1528 950 1571 legendum
985 1526 1120 1559 videtur
1149 1519 1268 1568 ‘quom
1301 1526 1475 1570 gradatim
1508 1535 1646 1560 sumum
1676 1537 1797 1561 versus

285 1585 351 1616 itur
377 1592 408 1617 ct
436 1586 613 1623 reditur'.)
648 1598 748 1629 porro
775 1587 866 1620 l'urt.
893 1587 950 1620 54.
975 1578 1117 1628 ‘augent
1144 1586 1248 1618 etium
1272 1602 1320 1610 -
1341 1595 1430 1627 quae
1456 1583 1646 1617 ascendunt
1670 1586 1797 1629 grada-

285 1644 344 1676 tim
371 1645 414 1676 ab
443 1645 686 1678 humilioribus
719 1645 764 1677 ud
790 1637 982 1688 superioru’
1016 1645 1062 1678 cl'.
1091 1643 1219 1676 Scliiitz
1246 1644 1291 1677 ad
1316 1644 1351 1679 lt.
1380 1644 1403 1679 Ι.
1434 1641 1562 1685 Aquila
1582 1652 1646 1676 sua
1670 1645 1797 1688 partim

285 1714 327 1735 vx
356 1703 504 1736 Demetr.
534 1703 602 1746 tx,
639 1704 701 1736 111
732 1704 887 1746 repetiit:
923 1703 1064 1736 dedisse
1092 1713 1169 1735 cum
1199 1702 1359 1745 suspicor
1385 1695 1613 1746 ‘postremum
1637 1703 1797 1745 qnodque

284 1762 429 1794 verbum
455 1762 488 1794 iu
518 1762 697 1805 superiore
723 1761 866 1805 (volgoz
888 1753 1049 1804 ‘priore-²)
1077 1761 1230 1793 membro
1257 1764 1315 1793 aut
1334 1766 1432 1804 parte
1453 1760 1569 1803 aliqua
1592 1761 1797 1796 elocutionis

285 1821 434 1864 positum
462 1821 495 1853 in
523 1820 720 1853 inferiori-m
741 1830 858 1852 rursus
884 1825 1101 1863 assumptum
1129 1811 1289 1854 inicitur'.
1317 1819 1498 1852 descendit
1523 1821 1629 1864 igitur
1652 1827 1690 1854 ut
1714 1823 1796 1856 Cor-

284 1880 420 1912 nificius
446 1887 476 1913 ct
504 1879 736 1918 Quintilianus
765 1878 823 1913 ΙΧ,
850 1878 884 1918 3,
913 1880 977 1915 5-12
1011 1879 1115 1911 ceteri
1142 1876 1345 1912 ascendunt.
1397 1877 1513 1916 Quint.
1542 1878 1565 1911 l.
1594 1890 1640 1922 c„
1668 1886 1705 1914 ut
1729 1881 1797 1915 De-

282 1939 423 1971 metrius
452 1940 685 1981 Hermogenes
716 1936 842 1978 Aquila
868 1944 900 1969 ct
926 1938 986 1969 alii
1015 1936 1321 1969 Demosthenicum
1351 1936 1551 1980 exemplum
1574 1938 1704 1984 xvltt,
1730 1941 1798 1975 179

281 1998 447 2036 afferunt,
483 1998 610 2039 Aquila
643 2001 821 2039 praetcrea
853 1995 923 2028 Cic.
954 2007 987 2039 p.
1018 1997 1089 2032 Mil.
1117 1996 1159 2031 61
1198 2001 1230 2028 et
1256 1994 1363 2028 verba
1387 1995 1514 2029 Licinii
1541 1996 1638 2031 Calvi
1663 1999 1699 2032 in
1727 2001 1798 2035 Va-

283 2058 423 2092 tinium:
454 2057 535 2089 lsid.
565 2056 660 2099 Orig.
693 2055 736 2091 ll,
763 2056 828 2092 21,
854 2055 876 2087 4
903 2055 972 2088 duo
997 2056 1192 2099 fragmenta
1216 2065 1259 2088 ex
1287 2056 1442 2088 oratione
1467 2054 1565 2100 Scip.
1596 2057 1705 2092 Afric.
1732 2061 1797 2093 mi-

283 2117 396 2153 uoris;
435 2117 478 2149 iis
505 2116 646 2148 accedat
676 2114 869 2147 Dinarchus
896 2114 918 2150 Ι,
944 2113 1007 2147 82:
1035 2106 1077 2146 ἐν
1103 2109 1174 2156 μὲν
1199 2113 1285 2152 ταῖς
1313 2107 1574 2156 παρατάξεσιν
1601 2111 1795 2161 οἰκουρός,

282 2167 323 2206 ἕν
347 2168 389 2206 δὲ
415 2175 498 2212 τοῖς
524 2172 627 2206 οἴκοι
662 2169 820 2216 μένουσι
846 2168 1101 2217 πρεσβευτής.
1134 2165 1175 2205 ἐν
1201 2167 1245 2205 δὲ
1269 2173 1353 2211 τοῖς
1377 2171 1630 2218 πρεσβευταῖς
1655 2173 1797 2220 δραπε-

281 2226 349 2275 τής
376 2225 496 2265 ἐστινε
537 2243 603 2266 non
631 2235 706 2266 siue
741 2233 872 2277 figurae
899 2232 1026 2265 damno
1053 2231 1101 2264 ibi
1129 2233 1402 2277 transposueris,
1440 2233 1533 2275 quod
1555 2233 1698 2280 Sauppe
1716 2247 1797 2270 sua-

281 2292 357 2327 det,
384 2285 566 2333 οἰκουρὸς
594 2299 625 2325 et
651 2287 858 2334 ὃραπετής.
959 2297 1005 2326 ¹2.
1034 2291 1234 2334 exemplum
1263 2291 1442 2327 Demosth.
1472 2292 1495 2328 l.
1524 2303 1553 2326 c.
1582 2295 1694 2339 magis
1719 2297 1796 2330 imi-

285 2357 374 2383 tatus
400 2357 450 2383 est
478 2351 623 2395 scriptor
658 2362 760 2394 quam
794 2350 980 2394 expressit.
1091 2355 1136 2381 14.
1173 2349 1216 2382 de
1247 2350 1303 2384 his
1336 2351 1459 2384 eodem
1491 2352 1612 2386 ordine
1636 2356 1795 2399 repetitis

215 2415 259 2448 35
285 2420 305 2442 a
332 2410 447 2448 Quint.
483 2411 617 2453 egimus
654 2411 687 2442 in
716 2409 829 2444 Praet'.
865 2410 890 2442 1.
926 2427 976 2434 -
1022 2414 1070 2440 22.
1105 2407 1328 2442 definitio.
1390 2409 1603 2450 Quintiliano
1633 2412 1720 2447 haec
1742 2420 1796 2448 est

279 2460 412 2499 ‘finitio'
439 2468 498 2507 tx,
525 2468 558 2507 3,
579 2469 643 2502 91:
671 2464 855 2510 ‘quaedam
878 2468 1017 2501 omnino
1045 2477 1111 2501 non
1137 2473 1216 2500 sunt
1240 2467 1384 2513 figurae,
1412 2471 1503 2503 sicut
1527 2470 1612 2504 ordo
1637 2471 1795 2507 dinume-

282 2527 368 2558 ratio
401 2527 693 2571 circumscriptio,
733 2528 808 2561 sive
840 2527 905 2561 hoc
938 2528 1077 2560 nomine
1109 2526 1325 2570 significatur
1359 2529 1614 2573 comprehensa
1644 2530 1795 2566 breviter

282 2585 471 2625 sententia,
497 2586 572 2618 sive
598 2585 720 2620 finitio.
763 2596 843 2618 nam
868 2592 901 2619 et
927 2586 993 2619 hoc
1020 2585 1225 2619 Cornificius
1251 2591 1353 2628 atque
1370 2586 1520 2622 Rutilius
1547 2587 1657 2632 (1¹,5)
1678 2584 1793 2624 ‘sehe-

281 2654 338 2676 ma
364 2638 498 2683 λέξεως
523 2637 667 2687 putant'.
719 2645 849 2677 Rutilio
875 2651 906 2677 et
929 2645 1126 2677 Herodiano
1151 2644 1213 2687 IX,
1239 2643 1306 2678 601
1334 2637 1495 2688 ὁρισμὸς
1515 2652 1580 2684 est,
1620 2648 1665 2682 cf.
1692 2660 1794 2694 prae-

280 2708 375 2736 terea
401 2701 470 2735 Cic.
499 2701 555 2737 Or.
588 2701 675 2746 116,
705 2702 819 2741 Quint.
847 2703 922 2742 Vll,
950 2701 983 2741 3,
1013 2702 1055 2735 18
1081 2708 1114 2735 et
1138 2700 1197 2736 35.

378 2761 457 2802 163,
483 2767 511 2797 3.
540 2771 621 2794 non
650 2767 715 2794 est
749 2762 834 2794 ista
867 2761 1088 2795 fortitudo
1127 2766 1194 2794 set
1226 2763 1471 2798 temeritas.
1523 2763 1592 2798 huc
1614 2765 1704 2799 trahi
1730 2776 1795 2810 po-

276 2826 344 2853 test
364 2820 483 2853 Rutilii
505 2821 761 2864 paradiastole,
796 2821 823 2860 1,
846 2821 880 2855 4.
909 2837 956 2844 —-
1015 2826 1060 2852 12.
1088 2825 1133 2852 ut
1162 2830 1302 2863 neque
1334 2821 1539 2865 pluribus
1569 2823 1721 2856 verbis
1745 2842 1794 2847 -

277 2885 468 2922 putetur.
532 2880 624 2922 quod
648 2879 808 2924 pluribus
833 2876 949 2912 verbis
975 2889 1042 2913 non
1075 2879 1226 2923 oportuit
1263 2879 1352 2924 dici,
1382 2881 1431 2913 ita
1460 2880 1614 2914 dilucide
1657 2881 1787 2914 dictum

278 2943 347 2977 est,
374 2943 409 2970 ut
434 2948 501 2972 non
525 2940 636 2982 possit
662 2939 869 2978 dilucidius,
897 2938 989 2979 quod
1013 2937 1154 2972 brevius
1188 2947 1255 2972 non
1282 2940 1416 2983 potuit,
1446 2942 1539 2973 recte
1566 2939 1610 2972 ob
1631 2939 1783 2973 ‘brevita-
