1923 3182
787 196 999 233 NOTAE.
1560 187 1644 228 235

159 309 337 342 rendum
375 314 458 343 est.
494 309 535 339 id
574 313 661 340 est.
699 307 807 348 quod
847 307 1037 337 continet
1075 306 1416 337 accusationem.
1476 303 1575 345 plane
1603 313 1644 333 ex

161 367 330 400 contrario
357 366 511 398 Ciceroni
546 367 616 397 Inv.
655 366 684 403 l,
719 364 758 396 19
791 358 1053 395 ‘firmamentum
1085 370 1132 394 est
1169 364 1374 394 firmissnma
1398 361 1645 404 argumentatio

160 424 352 456 defensoris
378 430 409 456 et
435 425 624 466 potissuma
650 423 717 463 (sic
742 427 900 463 optumus
922 421 1007 452 liber
1024 419 1062 458 k,
1090 420 1192 462 vulgo
1213 414 1416 462 ‘aptissima'
1446 424 1502 450 aut
1522 412 1645 460 ‘appo-

160 483 334 514 sitissima'
359 480 501 524 legitur)
527 482 570 513 ad
598 479 862 512 iudicationem.'
913 478 957 509 ad
983 477 1241 509 Cornificianam
1267 477 1532 520 appellationem
1558 475 1645 507 redit

161 541 250 572 Part.
282 540 346 572 103
379 533 559 571 ‘rationem
593 538 808 580 appellamus
841 545 934 572 eam,
971 545 1056 574 quae
1090 535 1242 566 adfertur
1268 536 1309 565 ab
1337 544 1392 566 reo
1419 534 1461 565 ad
1486 544 1645 579 rec-usan-

161 598 240 630 dum
265 597 460 640 depellendi
486 596 637 627 criminis
663 604 784 631 causa,
811 602 896 633 quae
926 592 992 622 nisi
1019 599 1127 627 esset,
1157 593 1238 632 quid
1263 592 1473 631 defenderet,
1501 601 1565 623 non
1586 591 1646 622 ha-

161 653 272 687 beret:
298 654 545 686 firmamentum
572 657 701 690 autem,
730 651 821 691 quod
847 656 963 681 contra
986 649 1030 681 ad
1053 649 1326 681 labefactandam
1353 650 1515 681 rationem
1541 648 1645 680 refer-

161 713 242 751 tur,
258 712 331 744 sine
357 721 422 752 quo
445 710 615 742 accusatio
643 715 732 741 stare
756 718 822 740 non
843 708 978 750 potest.’

254 771 311 807 25,
337 777 364 801 5.
401 779 449 800 ex
482 767 797 799 coniunctione
832 765 1103 797 firmamenti
1138 769 1175 795 et
1204 764 1404 795 rationis.
1457 762 1647 792 accuratius

160 829 211 859 sic
236 826 363 860 Cornif.
389 836 490 867 quam
518 825 653 863 Cicero,
682 825 739 865 qui
766 823 971 866 (secundum
989 822 1044 864 pl,
1071 832 1090 853 a
1116 831 1181 862 quo
1205 831 1321 852 veram
1347 820 1550 862 scripturam
1577 830 1647 851 ser-

160 885 234 916 vari
260 890 292 917 et
316 883 493 925 sequentia
519 882 639 914 docent
665 888 697 914 et
731 881 896 913 Victorini
927 877 1077 919 scholia)
1113 879 1241 910 omissa
1276 877 1474 910 defensione
1507 877 1646 908 rationis

162 944 234 975 Inv.
260 943 293 981 Ι,
323 941 366 974 18
388 936 564 973 ‘iudicatio
593 941 652 972 est'
680 940 789 980 inquit
810 932 912 979 ‘quae
932 947 975 969 ex
993 937 1218 968 infirmatione
1239 936 1379 968 rationis·
1399 936 1548 967 nascitur
1566 945 1645 966 con-

161 1000 355 1042 trovorsia!
405 999 540 1042 plenius
568 999 689 1029 iterum
715 1003 747 1029 et
779 996 904 1027 rectius
930 996 1020 1026 Part.
1050 994 1117 1027 104
1143 988 1327 1026 ‘rationum
1358 999 1389 1025 et
1421 994 1647 1024 firmamento—

163 1069 235 1090 rum
261 1058 429 1090 contentio
456 1057 593 1089 adducit
613 1057 647 1087 in
673 1060 855 1098 augustuni
879 1051 1185 1095 disceptationem.'
1237 1050 1507 1083 defensione
1532 1058 1648 1092 aperte

161 1117 334 1159 glossema
359 1120 407 1147 est
434 1115 593 1151 rationis,
630 1113 721 1154 quod
745 1122 786 1143 ne
815 1121 893 1142 casu
921 1110 1060 1151 quidem
1093 1115 1181 1141 recte
1204 1108 1323 1146 habet3
1353 1104 1499 1141 ‘ratione
1532 1108 1648 1140 defen-

163 1174 280 1205 sionis'
310 1173 401 1214 quod
429 1173 463 1204 in
488 1183 507 1204 o
539 1178 569 1204 et
595 1172 671 1203 cod.
702 1170 856 1203 Gothano
881 1174 949 1207 est,
977 1179 1036 1200 eur
1062 1168 1144 1200 ferri
1169 1172 1331 1207 nequeat,
1360 1168 1442 1199 satis
1468 1167 1585 1207 liquet.

162 1238 190 1263 9.
218 1236 398 1273 reperta
422 1230 703 1262 iudicatione
729 1247 776 1252 —
807 1227 1043 1269 oportebit.
1073 1226 1116 1258 cf.
1145 1227 1234 1257 Part.
1270 1225 1355 1263 109,
1390 1225 1475 1267 Top.
1504 1224 1568 1257 95:
1607 1224 1648 1255 de

163 1299 212 1320 or.
240 1289 283 1326 ΙΙ,
316 1288 402 1327 114,
429 1289 488 1319 ubi
516 1288 682 1319 Antonius
708 1291 819 1318 narrat
840 1279 931 1317 ecum
950 1303 998 1309 —
1021 1289 1160 1326 accepto
1183 1293 1304 1314 causae
1323 1292 1447 1325 genere
1465 1288 1495 1313 et
1515 1282 1649 1323 cognito

164 1357 235 1378 rem
258 1352 401 1378 tractare
428 1346 544 1387 coepi.
572 1345 656 1376 nihil
681 1345 777 1386 prius
811 1343 998 1380 constituo,
1034 1351 1134 1382 quam
1164 1341 1246 1380 quid
1272 1341 1315 1371 sit
1340 1339 1444 1377 illud,
1473 1349 1538 1380 quo
1565 1338 1648 1369 mihi

164 1403 343 1435 referenda
373 1402 417 1434 sit
452 1403 562 1433 omnis
598 1402 657 1433 illa
691 1402 815 1438 oratio,
850 1410 936 1440 quae
969 1400 1012 1430 sit
1043 1399 1184 1441 propria
1217 1398 1425 1439 quaestionis
1453 1402 1483 1427 et
1518 1397 1648 1427 iudicis

164 1462 239 1503 ipse
265 1460 335 1493 Cic.
362 1461 460 1492 Verr.
499 1461 548 1498 ΙΙ,
581 1461 620 1499 5,
648 1461 668 1492 2
702 1459 821 1491 eadem
858 1457 1026 1488 locutione
1056 1457 1178 1487 utitur:
1213 1449 1311 1496 <quid
1344 1466 1460 1498 agam,
1496 1455 1650 1486 iudices?

165 1528 230 1559 quo
264 1518 490 1550 accusationis
522 1527 617 1549 meae
656 1517 820 1547 rationem
854 1514 1068 1546 conferam?’
1195 1519 1239 1546 12.
1270 1519 1575 1556 praeterquam
1607 1513 1649 1543 in
1674 1514 1681 1522 ⁴

164 1575 462 1608 coniecturali
488 1575 823 1606 constitutione.
876 1573 1014 1604 namin
1041 1583 1098 1609 ea,
1125 1577 1160 1602 ut
1191 1572 1235 1602 ait
1263 1571 1330 1602 Cic.
1357 1572 1426 1602 Inv.
1455 1572 1486 1608 I,
1517 1570 1559 1602 19
1581 1564 1653 1602 ene-

165 1644 260 1666 cesse
286 1637 336 1665 est
357 1632 500 1664 eandem
525 1642 600 1664 esse
625 1632 859 1673 quaestionem
885 1635 915 1662 et
941 1630 1182 1661 iudicationem
1210 1635 1261 1660 ut:
1284 1623 1426 1661 ‘sactum
1451 1635 1500 1660 est
1519 1647 1567 1653 —
1587 1639 1653 1660 non

167 1696 218 1723 est
242 1690 369 1722 factum
392 1707 438 1712 —
463 1690 633 1722 factumne
659 1690 712 1721 sit’
741 1695 772 1720 et
798 1688 859 1731 (ll,
885 1686 969 1729 lll)
998 1681 1161 1729 ‘simplex
1180 1688 1241 1718 erit
1259 1687 1420 1719 iudicatio
1441 1694 1472 1719 et
1499 1688 1532 1718 in
1551 1697 1653 1728 quae-

163 1749 274 1780 stione
298 1749 377 1790 ipsa
402 1748 638 1779 continebitur'
664 1748 767 1790 igitur
791 1746 893 1778 etiam
915 1746 962 1783 ΙΙ,
986 1746 1028 1778 15
1053 1746 1236 1786 requiritur
1261 1745 1338 1776 talis
1365 1747 1550 1778 sententiae
1575 1756 1654 1777 con-

165 1806 343 1839 formatio:
376 1799 437 1837 ‘ex
473 1804 598 1844 quibus
635 1805 789 1845 quaestio
828 1803 948 1835 eadem
981 1803 1014 1834 in
1048 1803 1268 1835 coniecturali
1297 1804 1535 1836 constitutione
1569 1814 1654 1844 quae

165 1863 352 1896 iudicatio.’
472 1867 516 1892 15.
553 1862 747 1893 intentio
773 1879 819 1884 —-
856 1861 1078 1893 infitiatio
1104 1880 1151 1884 —
1186 1862 1409 1894 iudicatio
1441 1862 1653 1894 indoctorum

166 1922 330 1953 lectorum
354 1929 458 1951 causa
482 1919 632 1961 appositi
659 1924 736 1950 sunt
761 1920 912 1957 indices,
939 1925 1028 1951 recte
1053 1921 1252 1951 omittuntur
1277 1926 1358 1962 aput
1379 1920 1447 1951 Cic.
1464 1921 1535 1951 lnv.
1561 1920 1587 1958 I,
1615 1918 1654 1951 19

165 1979 224 2010 ubi
250 1978 320 2009 noli
342 1977 460 2009 tollere
484 1977 589 2008 verba
618 1970 761 2008 ‘factum
794 1982 844 2007 est
868 1995 915 2001 —-
945 1986 1011 2008 uon
1044 1983 1093 2008 est
1123 1978 1261 2009 factum’
1288 1978 1529 2021 respondentia
1553 1987 1654 2020 supe-

167 2035 314 2068 rioribus
338 2035 369 2073 Ι,
399 2033 441 2066 18
468 2022 549 2064 euon
575 2034 647 2065 iure
673 2033 786 2065 fecisti
809 2050 856 2057 —
881 2035 953 2065 iure
978 2034 1069 2066 feci.'
1202 2041 1244 2069 ts.
1281 2036 1319 2068 si
1353 2035 1501 2077 plures
1528 2041 1654 2067 erunt

166 2092 517 2125 constitutiones
541 2107 587 2113 —-
614 2096 749 2122 erunt.
802 2090 870 2122 Cic.
899 2092 970 2122 Inv.
998 2092 1042 2130 ΙΙ,
1069 2092 1153 2125 102:
1176 2085 1358 2132 ‘quaedam
1384 2101 1510 2134 genera
1534 2102 1653 2123 causa-

166 2161 241 2183 rum
262 2149 465 2192 simpliciter
490 2158 532 2180 ex
556 2158 618 2179 sua
644 2149 676 2179 vi
702 2149 977 2187 considerantur,
1012 2150 1179 2189 quaedam
1213 2155 1324 2181 autem
1359 2150 1425 2180 sibi
1450 2149 1545 2180 aliud
1571 2158 1653 2189 quo-

167 2219 231 2250 que
256 2207 396 2248 aliquod
421 2207 671 2238 controvorsiae
696 2216 803 2249 genus
829 2207 1029 2245 adsumunt,
1068 2217 1133 2248 qua
1164 2218 1198 2239 re
1235 2208 1392 2239 omnibus
1417 2207 1561 2249 cognitis
1587 2216 1653 2238 non

165 2267 229 2298 erit
251 2265 392 2297 difficile
424 2265 458 2295 iu
491 2274 591 2296 unam
627 2274 796 2305 quamque
831 2275 968 2297 causam
999 2265 1201 2300 transferre,
1240 2265 1331 2306 quod
1369 2275 1410 2296 ex
1448 2274 1486 2296 eo
1520 2274 1653 2306 quoque

165 2324 233 2366 (sc.
261 2333 304 2355 ex
327 2331 394 2354 uno
422 2322 575 2364 quoque)
599 2333 723 2365 genere
749 2324 935 2354 couveniet‘
970 2323 1059 2354 idem
1085 2324 1130 2359 ll,
1169 2324 1233 2356 110
1262 2317 1413 2355 ‘omnino
1447 2340 1493 2345 —-
1519 2323 1575 2364 qui
1603 2323 1654 2354 di-

165 2381 309 2424 ligenter
334 2381 485 2412 omnium
510 2389 688 2411 causarum
715 2381 782 2411 vim
807 2387 837 2412 et
864 2386 1016 2412 naturam
1041 2382 1256 2423 cognoverit,
1281 2391 1382 2422 quom
1401 2391 1525 2423 genere
1543 2382 1653 2424 primo

164 2443 235 2470 tum
262 2438 364 2469 etiam
388 2436 498 2468 forma
523 2447 580 2468 eas
604 2437 778 2479 intelleget
803 2438 989 2476 dissidere,
1017 2440 1138 2470 ceteris
1165 2445 1275 2471 autem
1302 2440 1455 2482 partibus
1482 2445 1579 2481 aptas
1604 2440 1655 2470 in-

165 2501 216 2528 ter
240 2505 277 2527 se
311 2495 421 2526 omnis
452 2498 483 2525 et
509 2494 613 2526 aliam
647 2495 680 2526 in
716 2495 821 2526 aliam
853 2495 1051 2537 inplicatam
1078 2496 1232 2528 videbit!
1283 2498 1398 2539 (locus
1425 2497 1526 2540 volgo
1549 2503 1580 2528 et
1607 2498 1655 2528 le-

166 2552 287 2584 ctionis
312 2556 344 2583 et
367 2552 652 2594 interpunctionis
678 2553 760 2584 vitio
787 2550 1018 2593 obscuratur.)
1076 2555 1273 2597 exemplum
1311 2556 1412 2587 huius
1447 2556 1495 2587 rei
1529 2565 1654 2598 suppe-

166 2610 250 2642 ditet
277 2609 480 2648 Miloniana,
518 2610 577 2641 ubi
608 2611 755 2652 primum
798 2611 991 2642 constitutio
1030 2611 1231 2644 iuridicialis
1263 2613 1422 2645 absoluta
1455 2613 1652 2645 adhibetur:

167 2667 306 2699 licuisse
333 2676 397 2698 reo
434 2668 539 2699 vitam
572 2673 687 2700 contra
714 2668 824 2701 Clodii
857 2668 1002 2700 insidias
1032 2669 1233 2708 defendere;
1273 2671 1396 2703 deinde
1429 2671 1494 2703 hoc
1525 2673 1650 2713 ipsum,

167 2735 186 2757 a
212 2724 330 2757 Clodio
355 2734 422 2756 non
447 2735 467 2757 a
491 2725 615 2758 Milone
651 2727 794 2758 insidias
829 2735 904 2757 esse
937 2725 1044 2757 factas
1079 2737 1121 2758 ex
1160 2729 1398 2760 constitutione
1433 2728 1649 2760 coniecturali

167 2782 349 2825 probatur,
376 2787 548 2824 postremo
574 2783 746 2815 contendit
772 2788 884 2815 orator
908 2783 1092 2815 iuridiciali
1119 2794 1200 2816 usus
1221 2785 1458 2826 adsumptiva,
1493 2785 1594 2814 etiam
1621 2783 1648 2813 si

166 2850 220 2872 res
245 2839 343 2871 aliter
366 2839 524 2877 haberet,
548 2844 661 2872 tamen
688 2841 825 2882 egregie
845 2840 887 2872 de
907 2851 941 2872 re
955 2840 1096 2882 puplica
1116 2841 1274 2872 Milonem
1291 2841 1399 2872 Clodii
1417 2840 1650 2871 intersectione

167 2897 364 2929 meriturum
394 2895 520 2935 fuisse;
559 2897 672 2938 itaque
701 2903 777 2929 ante
810 2898 1059 2939 perorationem
1091 2897 1174 2929 haec
1206 2898 1321 2940 ponit:
1359 2891 1424 2929 'sct
1466 2897 1532 2928 iam
1567 2897 1649 2929 satis
