1971 3198
808 187 1088 217 PRAEFATIO.
1678 186 1726 214 XI

151 290 378 344 ventione,
423 297 489 332 set
526 296 574 331 ut
610 290 861 332 ostenderet
900 289 964 344 id,
1011 289 1129 346 quod
1166 288 1431 345 oportuisset
1470 286 1726 344 simpliciter

152 374 204 401 ac
234 357 446 414 singulari
476 358 605 400 modo
644 359 821 412 docere,
866 357 965 400 illos
1004 357 1280 399 distribuisse
1319 356 1551 412 dupliciter
1593 362 1634 397 et
1662 355 1726 398 bi-

152 427 353 484 pertito'.
425 427 462 468 si
496 427 689 468 animum
725 427 950 469 Ciceronis
992 442 1017 468 a
1056 426 1135 468 tali
1167 425 1293 482 culpa
1327 425 1607 466 abhorruisse
1637 426 1726 466 exi-

153 495 451 550 stumabimus,
478 496 667 538 concidit
689 496 769 538 1100
792 511 877 538 11110
900 501 1158 551 argumento
1183 502 1222 536 ct
1246 493 1440 536 Schiitzii
1463 495 1725 547 coniectura,

153 565 228 621 qui
257 563 537 621 Gniphonem
573 564 678 606 fecit
716 564 817 606 libri
855 570 1076 605 auctorem
1090 564 1133 620 ¹),
1165 569 1207 604 et
1239 578 1323 604 van
1349 562 1605 619 Heusdii2),
1653 563 1727 619 qui

151 632 329 674 Aelium
357 631 588 686 Stilonem,
627 639 810 689 uterque
833 633 948 674 enim
979 646 1029 672 ea·
1060 632 1155 687 ipsa
1177 647 1223 672 re
1249 646 1451 672 maxume
1473 630 1726 684 ducebatur,

153 702 271 758 quod
309 717 334 743 a
376 701 588 744 Cicerone
620 701 821 756 magistri
857 700 1191 741 commentarios
1232 700 1371 741 editos
1412 714 1506 741 0550
1545 699 1728 740 arbitra-

151 771 312 813 bantur
342 784 430 812 non
457 770 699 824 cogitantes
731 768 898 810 scilicet
930 769 982 810 de
1010 775 1152 823 tanta,
1185 776 1392 825 quantam
1423 782 1556 825 supra
1586 775 1728 810 osten-

154 839 316 893 dimus,
347 837 559 880 librorum
588 839 783 894 ipsorum
813 837 1074 880 differentia.
1137 852 1191 878 ne
1225 844 1371 879 autem
1411 837 1507 894 quis
1546 837 1603 878 ad
1632 853 1727 894 pra-

151 923 253 950 vam
291 908 575 964 Burmanni³)
616 907 886 964 aliorumque
927 907 1175 963 opinionem
1213 905 1387 947 rediens
1423 905 1730 948 Inventionem

152 982 253 1018 ante
287 975 581 1018 Cornificiana
610 976 817 1032 scriptam
846 981 989 1032 putet,
1023 975 1220 1017 conferat
1252 977 1314 1028 15,
1347 977 1394 1028 4,
1425 974 1502 1015 ubi
1532 975 1613 1016 ait:
1649 976 1728 1017 ede

152 1045 447 1086 insinuatione
478 1059 593 1086 nova
621 1045 994 1100 excogitavimus,
1029 1043 1145 1100 quod
1175 1058 1271 1085 eam
1302 1042 1383 1084 soli
1414 1050 1589 1099 praeter
1618 1050 1728 1085 cete-

151 1128 222 1156 ros
248 1114 295 1154 in
322 1114 408 1155 tria
438 1119 634 1170 tempora
661 1113 908 1154 divisimus'
942 1128 1039 1154 cum
1066 1112 1239 1154 Invcnt.
1264 1113 1298 1166 I,
1331 1114 1396 1166 23,
1429 1127 1513 1169 quo
1544 1113 1639 1154 1000
1660 1112 1730 1155 Ci-

152 1197 251 1224 cero
287 1181 370 1223 hac
407 1181 569 1238 triplici
614 1182 923 1227 insinuationis
970 1182 1205 1238 partitione
1252 1188 1300 1222 ut
1342 1196 1389 1222 re
1428 1182 1514 1221 iam
1550 1180 1730 1236 volgata

149 1251 300 1292 utitur.
337 1250 433 1292 fieri
465 1264 568 1291 sane
597 1256 788 1306 poterat,
834 1256 881 1291 ut
915 1265 1022 1306 opus
1062 1265 1087 1291 a
1122 1250 1357 1292 Cornificio
1395 1250 1519 1291 tarde
1551 1250 1608 1291 ad
1636 1265 1728 1291 11111-

150 1318 331 1361 bilicum
353 1319 657 1372 adduceretur,
679 1319 845 1375 aliquot
862 1334 999 1360 annos
1028 1319 1268 1361 defluxisse
1298 1320 1583 1375 suspicamur,
1610 1326 1729 1360 ante-

154 1403 285 1445 quam
315 1402 366 1429 00
392 1388 664 1444 perveniret3
705 1402 807 1427 nam
846 1388 891 1427 in
924 1394 1119 1428 extrema
1158 1394 1282 1443 parte
1321 1386 1486 1429 Sullam
1516 1389 1731 1430 victorem

155 1457 365 1499 describit
392 1458 494 1510 210,
525 1459 566 1510 13
608 1457 653 1497 in
681 1457 754 1509 73,
787 1459 811 1495 5
851 1454 1033 1512 Sulpicii
1070 1455 1213 1511 legem
1250 1455 1469 1512 quandam
1498 1457 1729 1513 vituperat,

151 1540 294 1583 neque
333 1524 593 1566 incredibile
632 1524 808 1566 videtur
846 1524 1155 1566 Inventioncm
1192 1525 1278 1565 iam
1315 1525 1563 1580 evolgatam
1592 1525 1729 1566 fuisse

153 1599 305 1651 quarto
333 1593 473 1635 nostri
498 1592 610 1635 libro
638 1593 830 1635 nondum
859 1593 997 1647 edit03
1028 1608 1083 1635 110
1114 1595 1326 1635 maturius
1359 1609 1465 1651 opus
1498 1594 1730 1636 conficere-

150 1671 242 1718 tur,
280 1662 517 1705 difficultas
557 1661 823 1720 impediebat
860 1663 1109 1718 scriptionis
1150 1670 1254 1719 aput
1285 1663 1504 1704 Romanos
1536 1663 1730 1704 nondum

149 1733 358 1787 usitatae3
406 1731 459 1774 de
490 1732 844 1789 pronuntiatione
870 1745 975 1772 vero
1014 1732 1205 1773 omnium
1239 1733 1405 1788 primus
1446 1733 1516 1774 hic
1546 1733 1731 1788 scriptor

150 1802 404 1860 praecipere
434 1815 565 1842 ausus
597 1807 662 1842 est
693 1799 768 1857 (cf.
795 1802 861 1854 99,
892 1800 985 1857 18);
1015 1816 1156 1857 neque
1188 1808 1356 1857 poterat
1389 1808 1598 1858 occupato
1632 1801 1728 1842 aliis

151 1870 340 1926 negotiis
381 1870 465 1911 cito
505 1870 744 1926 procedere
779 1869 1078 1926 exemplorum
1116 1869 1375 1925 elaboratio,
1421 1885 1603 1928 quorum
1642 1885 1730 1911 ma-

151 1954 329 1982 xumam
357 1945 528 1996 partem
556 1938 611 1980 ab
650 1939 746 1995 ipso
787 1940 1083 1994 excogitatam
1111 1954 1207 1980 esse
1237 1939 1332 1995 ipse
1366 1939 1556 1981 affirmat
1589 1945 1630 1980 01
1664 1954 1729 1980 ar-

152 2013 406 2065 gumentum
437 2022 494 2050 ex
530 2008 740 2049 Romanis
779 2008 910 2050 rebus
950 2009 1133 2065 petitum
1159 2009 1319 2066 prodit.
1388 2016 1534 2051 tamen
1560 2010 1730 2066 prolata

153 2084 219 2121 est
247 2078 393 2135 opinio
425 2079 681 2134 scriptorem
701 2093 787 2119 non
819 2079 908 2119 suis
940 2079 1150 2134 exemplis
1185 2093 1281 2120 esse
1306 2093 1453 2131 usum,
1484 2079 1614 2135 plane
1633 2094 1730 2135 per-

151 2161 281 2190 versa
320 2145 395 2204 (cf.
437 2146 631 2188 Ellendt.
675 2146 806 2187 Brev.
851 2146 1126 2203 eloquentiae
1168 2148 1391 2188 Romanae
1428 2155 1528 2189 ante
1571 2148 1728 2190 Caesa-

151 2232 245 2259 rem
273 2214 456 2256 historia
485 2231 527 2271 p.
560 2215 655 2272 41):
700 2216 737 2256 si
774 2216 889 2256 enim
918 2216 1100 2258 Latinos
1144 2222 1338 2257 oratores
1379 2216 1424 2256 in
1454 2231 1579 2258 suum
1608 2216 1729 2258 volu-

151 2300 253 2328 men
281 2283 597 2338 transtulisset,
627 2300 715 2326 non
750 2284 950 2326 latuisset
980 2284 1062 2326 hoc
1090 2284 1324 2342 populares
1335 2317 1346 2338 ,
1390 2299 1471 2326 nec
1503 2285 1729 2341 effugisset

153 2354 319 2396 crimen
345 2352 586 2407 mendacii;
636 2353 806 2395 Graeca
844 2358 989 2394 autem
1029 2353 1230 2410 exempla
1272 2353 1310 2394 si
1351 2355 1638 2395 convertisset
1683 2355 1729 2395 in

152 2421 359 2464 Latinum
390 2435 654 2475 sermonem,
688 2421 857 2463 (111-11000
889 2428 1006 2464 certe
1037 2422 1186 2464 doctos
1218 2437 1306 2464 non
1337 2421 1570 2464 fefellisset
1591 2438 1642 2465 ac
1673 2423 1758 2464 ri—·

151 2489 321 2534 diculus
352 2488 509 2530 fuisset
540 2490 736 2532 rhetores
772 2490 966 2532 Graecos
999 2491 1043 2532 in
1071 2492 1294 2548 prooemio
1323 2491 1533 2546 refutans,
1566 2492 1725 2534 deinde

248 2686 286 2730 1)
314 2688 357 2720 cf.
384 2689 542 2733 Prolegg.
572 2689 683 2722 XXIII
707 2699 782 2730 sqq.

244 2748 280 2789 2)
305 2747 350 2779 cf.
383 2749 587 2789 Disquisitio
621 2749 663 2781 de
696 2747 735 2782 L.
770 2747 869 2778 Aelio
905 2746 1036 2778 Stilone
1063 2746 1237 2778 Ciceronis
1274 2747 1307 2777 in
1339 2746 1518 2779 rhetoricis
1545 2747 1723 2788 magistro,

149 2804 408 2837 Rhetoricorum
435 2804 479 2836 ad
502 2805 726 2847 Herennium,
753 2812 787 2838 nt
812 2806 966 2844 videtur,
993 2811 1142 2837 anctore.
1178 2806 1315 2848 scripsit
1333 2806 1364 2838 J.
1390 2806 1430 2838 A.
1449 2804 1485 2836 C.
1502 2815 1568 2836 van
1589 2805 1724 2836 Heusde

149 2863 237 2905 phil.
264 2863 312 2895 th.
340 2874 431 2906 mag.
461 2863 525 2895 litt.
553 2864 647 2898 hum.
677 2865 766 2902 doct,
818 2864 965 2895 Traiecti
993 2864 1037 2895 ad
1058 2863 1214 2895 Rhenum
1242 2862 1342 2896 1839.
1371 2864 1460 2900 ΥΙΙΙ,
1487 2862 1562 2895 109.
1595 2861 1674 2895 8v0.

243 2919 282 2963 3)
304 2914 413 2954 ‘illius
440 2922 482 2954 de
508 2923 706 2954 Inventione
732 2922 838 2954 libros
866 2922 999 2964 passim
1025 2915 1223 2965 descripsit'
1250 2921 1361 2955 Praef.
1391 2920 1510 2952 Dedic.
1538 2918 1681 2950 XXXV.
