1923 3182
761 177 974 214 No'l'AE.
1545 168 1629 210 253

116 293 188 329 Cic.
214 295 287 326 lnv.
316 294 358 331 ll,
385 291 450 324 80:
475 284 601 322 ’levius
627 300 702 321 esse
727 289 831 323 illud.
862 288 953 330 quod
985 289 1016 319 in
1045 287 1188 318 alu-rum
1218 293 1393 328 peccatum
1414 295 1492 317 reus
1519 292 1630 316 trans-

116 352 221 392 ferat,
250 363 351 394 quam
378 351 469 393 quod
496 351 570 393 ipsc
597 341 810 392 susceperit’.

211 411 269 447 49,
299 418 323 444 t.
353 410 657 454 oportueritne.
694 408 906 440 iudicium
935 411 1031 436 :inte
1060 404 1158 436 sieri
1195 403 1228 435 Ιι.
1259 415 1288 434 e.
1319 413 1396 434 num
1427 412 1544 434 revera
1571 402 1628 434 ille

119 472 153 503 in
180 470 276 514 leges
300 470 517 513 peccaverit.
557 470 589 500 in
617 479 717 509 quem
744 477 822 499 rens
850 465 986 507 culpam
1014 462 1186 494 transfert.
1240 472 1363 503 quom
1393 461 1551 492 iactum
1584 478 1630 482 —

120 539 196 562 uon
223 529 406 562 venerit.
459 527 529 560 Cic.
560 528 630 558 [ην.
661 527 713 565 ΙΙ,
741 525 788 558 80
812 518 954 566 ‘negare
980 522 1116 554 debebit
1137 521 1247 552 audiri
1276 529 1432 563 oportere
1457 520 1509 554 id.
1539 519 1630 560 quod

119 589 153 620 iu
178 599 256 621 eum
278 588 432 620 criminis
455 585 670 620 conferatur.
709 585 751 616 de
780 594 846 625 quo
875 583 903 614 is
931 583 1026 624 ipse,
1067 581 1124 621 qui
1156 580 1327 616 conferat,
1363 579 1528 610 iudicium
1558 578 1630 610 lieri

121 647 287 681 noluerit.
316 652 348 678 et
371 646 426 683 id,
448 645 540 686 quod
563 644 750 675 iudicatum
778 653 845 674 nou
868 642 928 674 sit.
964 650 1026 683 pro
1054 640 1179 671 iul'ecto
1206 639 1326 671 luiberi
1351 638 1534 681 oportere'.

118 714 146 739 7.
173 705 284 748 quod
315 715 387 737 eos
421 704 529 736 idem
557 702 727 735 secisse
756 701 914 733 dicant.
967 698 1003 731 li.
1031 709 1060 730 c.
1092 698 1171 729 itciu
1199 697 1409 740 supplicium
1439 697 1630 739 sumpsisse

119 764 162 796 dc
193 764 407 802 indemnato,
435 768 471 793 ut
504 761 655 794 Orestes.
692 759 782 802 quod
809 758 936 790 Scluitz
965 758 997 788 iu
1028 756 1084 788 lus
1114 756 1228 787 verbis.
1248 756 1465 788 commodum
1492 765 1631 786 sensum

122 834 188 856 non
214 824 345 856 invenit
368 822 450 863 (qua
467 832 502 853 re
525 820 656 862 eiecit).
681 830 762 851 sane
789 819 942 850 mireris:
971 817 1138 848 sententia
1156 824 1204 847 est
1235 815 1288 847 vel
1311 813 1634 858 tragicis[ti-equen-

118 887 208 923 mm,
242 893 272 916 e.
302 893 336 925 g.
366 880 476 924 Sopli.
506 880 557 913 El.
595 878 664 912 580
694 870 769 920 ὅρα
802 875 957 908 τιθεῖσα
990 869 1103 906 τόνδε
1130 868 1197 906 τὸν
1225 869 1347 916 νόμον
1373 871 1526 917 βροτοῖς
1554 872 1629 903 κτλ.

120 947 152 973 et
181 941 262 974 Eur.
286 941 338 974 El.
368 938 458 974 1093
485 935 520 971 εἰ
552 933 592 970 δ’
621 932 825 980 ἀμείψεται
853 929 980 977 φόνον
1008 927 1173 972 δικάζων
1199 926 1342 974 φόνος,
1375 925 1575 963 ἀποκτενῶ
1604 925 1634 963 σ’

123 993 206 1043 ἕγτό.
303 1006 331 1033 S.
362 998 464 1041 quid
502 999 536 1029 si
573 998 664 1040 ipse
701 1001 945 1029 accusator.
1005 994 1089 1026 haec
1122 993 1281 1036 pluribus
1315 992 1533 1034 persequitur
1561 991 1630 1025 Cic,

125 1061 199 1094 lnv.
229 1059 269 1095 ll.
296 1058 353 1092 81.
383 1076 429 1080 —
476 1063 504 1089 9.
533 1056 706 1100 pcccati
741 1055 1017 1086 atrocitatem
1051 1052 1158 1095 prof.
1188 1051 1257 1083 Cic.
1281 1052 1353 1082 inv.
1384 1052 1424 1090 ll,
1455 1050 1511 1082 853.
1560 1043 1633 1081 ''dv-

123 1118 241 1151 l'ensor
259 1135 306 1141 —
328 1117 441 1160 ipsam
468 1115 669 1148 relationem
697 1114 922 1157 conprobabit
948 1131 990 1135 -
1011 1111 1169 1153 augendo
1197 1112 1290 1142 eius.
1330 1110 1361 1141 in
1387 1120 1487 1150 quent
1511 1110 1633 1141 refer-»t

123 1178 265 1218 crimen,
291 1175 429 1218 culpam
454 1180 485 1206 et
509 1174 690 1206 audaciam
717 1179 748 1205 et
774 1183 876 1214 quam
904 1181 1065 1203 maxume
1098 1181 1159 1212 prr
1192 1169 1483 1211 imliguatiomuu.
1517 1169 1546 1199 si
1582 1178 1635 1199 res

123 1235 229 1276 seret,
269 1236 382 1267 iuncta
415 1234 679 1275 conquestione,
714 1239 791 1264 ante
826 1231 944 1264 oculos
977 1229 1161 1273 ponendo'.
1222 1229 1335 1269 itaque
1363 1228 1567 1269 llcrmogvu.
1594 1236 1634 1258 π.

124 1302 227 1326 στασ.
257 1296 316 1328 45.
348 1293 409 1326 12:
439 1285 480 1324 ἒν
507 1286 611 1335 πάσῃ
637 1286 708 1334 γὰρ
743 1284 1074 1332 ἄντεγκληματικῇ
1102 1282 1295 1318 ἀντιθέσει
1323 1279 1461 1327 fomur}
1489 1283 1631 1327 γίνεται

123 1345 348 1394 καταδρομή
374 1350 446 1394 (sic
476 1350 593 1382 malim
617 1350 731 1393 legere
759 1359 801 1381 ex
829 1348 961 1380 Monac.
998 1346 1084 1382 2317)
1113 1345 1201 1377 add·¹
1235 1346 1319 1387 Aps.
1351 1344 1408 1383 tx,
1436 1343 1515 1376 482.
1542 1361 1588 1365 —

126 1419 168 1444 11.
196 1418 267 1443 aut
294 1420 374 1442 non
403 1410 602 1453 potuisse
637 1426 682 1431 —
710 1408 870 1440 venire,
924 1407 1093 1437 sententia
1132 1403 1322 1435 illum-auu·
1348 1413 1367 1433 a
1394 1402 1462 1434 Cic.
1491 1402 1560 1433 [ην.
1591 1403 1631 1436 ΙΙ,

123 1471 181 1510 84,
204 1480 243 1502 ac
265 1469 377 1512 magis
404 1469 505 1500 etium
532 1469 564 1500 iu
588 1477 636 1498 or.
667 1477 703 1510 p.
732 1466 802 1497 Mil.
833 1465 967 1498 7—11.
995 1463 1085 1495 uude
1112 1462 1198 1494 illud
1224 1462 1400 1505 praeclare
1423 1461 1550 1492 dictum
1575 1470 1635 1492 ex-

126 1538 285 1572 cerpam:
307 1521 426 1560 ‘silent
444 1545 491 1550 —
512 1526 605 1569 leges
633 1526 720 1557 inter
740 1535 854 1558 arma.
884 1534 944 1555 uec
973 1534 1008 1555 se
1030 1522 1204 1565 expectari
1225 1521 1361 1553 iubent.
1386 1530 1487 1561 quom
1511 1520 1556 1554 ei,
1577 1520 1634 1560 qui

127 1593 312 1632 expectare
345 1587 447 1620 velit.
483 1591 560 1621 ante
596 1586 723 1617 iniusta
756 1593 869 1627 poena
902 1582 1028 1615 luenda
1065 1583 1128 1619 sit,
1166 1591 1267 1622 quam
1301 1581 1390 1611 iusta
1424 1571 1634 1622 repetenda'.

125 1649 247 1680 iterum
267 1645 324 1679 hic
350 1644 542 1689 Sophocles
569 1643 764 1676 laudandus
792 1648 841 1674 est
870 1641 954 1674 Oed.
984 1640 1054 1673 Col.
1083 1638 1152 1672 992
1173 1650 1248 1681 sqq.
1278 1635 1318 1670 εἶ’
1338 1636 1395 1675 τίς
1422 1646 1460 1669 σε
1486 1632 1554 1669 τὸν
1581 1635 1637 1669 δι’·

125 1715 239 1738 καιον
260 1723 307 1728 -
331 1698 400 1736 τὸν
425 1701 554 1735 αἴτιον
580 1695 689 1734 τι’νοι’
716 1693 778 1740 ἂν,
807 1694 897 1733 οὐδὲ
924 1692 1133 1731 τοῦνὸικον
1160 1693 1414 1741 περιβλέπτοις,
1442 1697 1544 1729 etiam
1569 1697 1638 1728 Au-

125 1764 213 1808 tiph.
246 1765 306 1803 lv,
335 1760 358 1807 β
381 1762 461 1806 (ubi
489 1763 511 1804 S
536 1762 557 1795 5
584 1761 728 1804 legerim
757 1755 793 1792 εἰ
821 1755 873 1801 μὴ
899 1753 945 1790 τὰ
971 1752 1069 1790 αὐτὰ
1095 1753 1159 1788 καὶ
1187 1749 1442 1799 ἐπεβούλευσα
1468 1751 1532 1785 καὶ
1557 1747 1638 1785 ἐπε-

125 1816 363 1868 βουλεύθην)
392 1827 423 1854 et
450 1818 486 1859 δ,
508 1821 541 1853 7.
567 1839 614 1844 -
663 1825 706 1852 12.
735 1819 777 1851 de
804 1818 1026 1851 concessione
1052 1816 1123 1859 agit
1148 1815 1219 1849 Cic.
1249 1816 1320 1846 Inv.
1340 1815 1389 1855 11,
1415 1813 1473 1853 94,
1501 1824 1575 1855 sqq.
1604 1821 1636 1846 et
1661 1827 1668 1833 ·

126 1883 268 1914 Aristot.
294 1880 396 1914 Rhet.
425 1880 450 1917 I,
481 1879 536 1917 10,
563 1879 602 1910 7:
630 1873 771 1915 πάντες
798 1871 848 1919 δὴ
876 1871 1087 1918 πράττουσι
1110 1868 1236 1906 πάντα
1262 1867 1308 1905 τά
1334 1867 1403 1915 μὲν
1429 1866 1475 1905 οὐ
1495 1866 1543 1905 δι’
1570 1866 1636 1905 αὐ-

124 1934 230 1978 τούς,
255 1933 302 1971 τὰ
328 1932 370 1970 δὲ
396 1930 444 1969 δι’
468 1930 629 1974 αὐτοῦς·
652 1934 730 1968 τῶν
755 1930 825 1978 μὲν
851 1926 923 1967 οὖν
949 1929 1000 1976 μὴ
1028 1927 1076 1965 δι’
1101 1926 1242 1970 αὐτούς
1264 1926 1310 1963 τὰ
1335 1926 1405 1973 μὲν
1428 1926 1494 1964 διὰ
1518 1926 1638 1974 τύχην

127 1993 358 2041 πράττουσι,
384 1989 432 2027 τὰ
458 1989 500 2026 δὲ
526 1987 564 2034 ἐξ
591 1988 782 2036 ἀνάγκης,
817 1990 896 2024 τῶν
918 1986 952 2023 δ’
985 1986 1022 2031 ἐξ
1050 1985 1221 2033 ἀνάγκης
1246 1984 1292 2022 τὰ
1317 1984 1387 2032 μὲν
1411 1988 1495 2035 βίᾳ,
1524 1985 1571 2022 τὰ
1595 1985 1638 2022 δὲ

126 2053 253 2100 φύσει,
306 2056 397 2088 idem
429 2054 530 2087 Rhet.
558 2055 633 2089 111,
663 2054 727 2090 15,
759 2051 780 2084 3
808 2044 923 2089 ἄλλος
951 2044 1094 2092 τρόπος
1123 2049 1355 2093 (defensionis
1388 2049 1554 2080 adversus
1583 2060 1639 2081 ca-

126 2113 307 2157 lumniam)
339 2107 390 2151 ὦς
418 2108 519 2145 ἔστιν
544 2105 752 2154 ἁμάρτημα
788 2103 812 2153 ἤ
837 2103 1016 2151 ἀτύχημα
1047 2100 1074 2150 ἢ
1097 2101 1324 2149 ἀναγκαῖον.
1375 2106 1440 2138 hue
1468 2107 1638 2140 rettuleris

126 2174 270 2218 Antiph.
298 2174 357 2205 111.
387 2191 432 2195 —
482 2178 525 2204 16.
555 2172 604 2204 de
630 2171 698 2203 his
723 2189 771 2193 —-
795 2168 1106 2201 revorteudum
1131 2167 1318 2198 videtur.
1370 2166 1455 2197 haec
1481 2176 1501 2197 a
1527 2165 1637 2197 Selu'i-

125 2235 195 2266 tzio
221 2233 343 2265 merito
369 2231 531 2264 damnata
557 2230 769 2262 notavimus:
797 2238 857 2260 cnr
883 2228 973 2259 enim
994 2226 1038 2258 ad
1064 2226 1100 2257 id
1124 2225 1216 2267 quod
1243 2234 1304 2256 suo
1330 2224 1404 2256 loco
1430 2218 1636 2256 tractaturus

126 2297 198 2328 est,
218 2291 284 2324 sibi
304 2290 544 2323 revertendum
567 2289 640 2321 fore
660 2288 775 2320 dicat?
802 2297 867 2318 non
891 2287 998 2318 sensit
1016 2285 1121 2323 idem,
1142 2283 1257 2316 verbis
1278 2282 1358 2325 (18)
1386 2293 1437 2314 uu
1447 2294 1479 2314 m
1505 2282 1637 2325 eulpa

125 2350 333 2383 veniendi
353 2348 735 2382 necessitudinem
760 2346 917 2379 fecerit
942 2345 991 2376 nil
1016 2344 1084 2376 nisi
1111 2343 1278 2375 inutiliter
1302 2348 1333 2374 et
1358 2342 1480 2374 inscite
1507 2343 1636 2380 iterari,

127 2421 216 2452 quae
242 2414 342 2441 antea
375 2408 536 2450 leguntur
560 2405 644 2450 (17)
675 2416 770 2438 num
805 2405 932 2448 culpa
965 2408 1141 2435 ventum
1174 2402 1230 2434 sit
1264 2401 1305 2432 in
1338 2401 1639 2433 necessitudi-

125 2479 235 2506 nem,
269 2466 391 2498 inscite
417 2466 577 2507 iuquam,
613 2475 714 2506 quom
745 2464 814 2495 dici
839 2463 959 2495 saltem
986 2461 1159 2493 debuerit:
1194 2453 1290 2491 ‘num
1317 2459 1420 2502 culpa
1447 2461 1636 2492 necessitu-

127 2527 243 2559 dinem
268 2524 390 2556 feeerit
414 2523 576 2555 veniendi
603 2524 637 2554 in
662 2513 977 2554 necessitudinem'.
1029 2519 1156 2552 frustra
1172 2519 1248 2552 VV.
1272 2517 1344 2550 DD.
1376 2519 1408 2549 in
1431 2519 1635 2561 corrigendo

128 2583 337 2627 glossemate
363 2591 504 2624 operam
530 2580 802 2615 collocaverunt:
841 2585 875 2610 ut
903 2579 961 2619 qui
982 2571 1078 2609 enum
1104 2578 1138 2609 in
1163 2577 1301 2620 culpam
1329 2577 1491 2609 veniendi
1518 2587 1635 2608 neces-
1657 2592 1663 2595 ·

127 2641 242 2674 situdo
268 2632 381 2672 fuerit'
401 2644 674 2683 proposuerunt,
703 2638 746 2670 de
771 2637 874 2680 culpa
895 2637 1007 2675 enim,
1033 2637 1067 2667 in
1094 2646 1195 2677 quam
1217 2636 1295 2676 quis
1324 2636 1465 2673 venerit,
1490 2633 1544 2666 hic
1567 2643 1635 2667 non

128 2699 314 2741 quaeritur.
365 2698 446 2731 vide
472 2699 515 2731 de
538 2698 572 2730 h.
602 2698 625 2730 l.
653 2698 757 2730 etiam
779 2696 932 2739 Madvig,
962 2694 1091 2738 OpuSC.
1120 2695 1163 2734 ΙΙ,
1189 2694 1271 2729 2132.

218 2757 275 2795 50,
299 2762 328 2788 3.
353 2764 616 2799 expertusne
650 2758 725 2795 sit,
765 2756 871 2797 quid
900 2759 1050 2786 eontra
1082 2753 1229 2785 faeere
1263 2770 1309 2774 —
1347 2755 1512 2793 posset.
1564 2748 1633 2780 Cic.

125 2817 197 2847 Inv.
225 2815 269 2853 Π,
291 2813 355 2847 99;
388 2807 524 2856 ‘postea
550 2815 786 2847 demonstrare
811 2811 1022 2856 (oportebit)
1050 2811 1206 2854 potuisse
1232 2810 1334 2841 vitari
1361 2815 1391 2840 et
1417 2808 1480 2838 hac
1506 2807 1635 2838 ratione

125 2873 303 2916 provideri
331 2873 506 2914 potuisse,
543 2873 573 2904 si
598 2872 664 2905 hoc
690 2878 746 2904 aut
773 2872 861 2903 illud
887 2871 1046 2908 fecisset,
1080 2874 1137 2901 aut
1162 2879 1205 2900 ne
1236 2869 1285 2899 sic
1311 2867 1450 2898 fecisset
1478 2865 1554 2906 (59..
1570 2861 1637 2896 ‘fa-

125 2923 242 2973 ceret')
265 2923 488 2973 praecaveri'.
521 2932 683 2963 universe
710 2930 775 2962 hoe
797 2935 1020 2972 praeceptum
1044 2928 1086 2959 ab
1100 2927 1316 2958 Anaximene
1340 2924 1503 2965 tangitur,
1525 2923 1582 2963 23,
1601 2925 1634 2957 5.
