<?xml version="1.0" encoding="UTF-8"?>
<!DOCTYPE html PUBLIC "-//W3C//DTD XHTML 1.0 Transitional//EN"
    "http://www.w3.org/TR/xhtml1/DTD/xhtml1-transitional.dtd">
<html xmlns="http://www.w3.org/1999/xhtml" xml:lang="en" lang="en">
 <head>
  <title>
</title>
<meta http-equiv="Content-Type" content="text/html;charset=utf-8" />
  <meta name='ocr-system' content='tesseract 3.04.00' />
  <meta name='ocr-capabilities' content='ocr_page ocr_carea ocr_par ocr_line ocrx_word'/>
</head>
<body>
  <div class='ocr_page' id='page_1' title='image "./cornificirhetori00ciceuoft_0293.png"; bbox 0 0 1923 3182; ppageno 0'>
   <div class='ocr_carea' id='block_1_1' title="bbox 774 135 1632 189">
    <p class='ocr_par' dir='ltr' id='par_1_1' title="bbox 774 135 1632 189">
     <span class='ocr_line' id='line_1_1' title="bbox 774 135 1632 189; baseline -0.015 0"><span class='ocrx_word' id='word_1_1' title='bbox 774 154 803 189; x_wconf 91' lang='lat' dir='ltr'><strong>N</strong></span> <span class='ocrx_word' id='word_1_2' title='bbox 818 152 845 189; x_wconf 92' lang='lat' dir='ltr'>O</span> <span class='ocrx_word' id='word_1_3' title='bbox 858 151 887 186; x_wconf 80' lang='grc' dir='ltr'><strong>Τ</strong></span> <span class='ocrx_word' id='word_1_4' title='bbox 898 150 930 186; x_wconf 89' lang='lat' dir='ltr'>A</span> <span class='ocrx_word' id='word_1_5' title='bbox 940 150 980 186; x_wconf 84' lang='lat' dir='ltr'><strong>E.</strong></span> <span class='ocrx_word' id='word_1_6' title='bbox 1547 135 1632 178; x_wconf 78' lang='grc'>259</span> 
     </span>
    </p>
   </div>
   <div class='ocr_carea' id='block_1_2' title="bbox 120 253 1640 902">
    <p class='ocr_par' dir='ltr' id='par_1_2' title="bbox 120 253 1635 659">
     <span class='ocr_line' id='line_1_2' title="bbox 120 253 1630 309; baseline -0.016 -2"><span class='ocrx_word' id='word_1_7' title='bbox 120 275 229 307; x_wconf 82' lang='lat' dir='ltr'>Prisc.</span> <span class='ocrx_word' id='word_1_8' title='bbox 255 272 332 309; x_wconf 91' lang='lat' dir='ltr'>VII,</span> <span class='ocrx_word' id='word_1_9' title='bbox 359 270 438 303; x_wconf 79' lang='lat'><strong>751.</strong></span> <span class='ocrx_word' id='word_1_10' title='bbox 467 287 511 292; x_wconf 92' lang='lat'>—</span> <span class='ocrx_word' id='word_1_11' title='bbox 564 273 613 303; x_wconf 82' lang='lat' dir='ltr'>lt,</span> <span class='ocrx_word' id='word_1_12' title='bbox 641 272 684 300; x_wconf 80' lang='lat'>12.</span> <span class='ocrx_word' id='word_1_13' title='bbox 714 266 750 297; x_wconf 88' lang='lat' dir='ltr'>hi</span> <span class='ocrx_word' id='word_1_14' title='bbox 781 265 847 297; x_wconf 90' lang='lat' dir='ltr'>duo</span> <span class='ocrx_word' id='word_1_15' title='bbox 876 273 945 295; x_wconf 79' lang='lat' dir='ltr'>vss.</span> <span class='ocrx_word' id='word_1_16' title='bbox 978 265 1066 292; x_wconf 82' lang='lat' dir='ltr'>recte</span> <span class='ocrx_word' id='word_1_17' title='bbox 1096 258 1254 301; x_wconf 80' lang='lat' dir='ltr'>leguntur</span> <span class='ocrx_word' id='word_1_18' title='bbox 1287 266 1343 299; x_wconf 84' lang='lat' dir='ltr'>ap.</span> <span class='ocrx_word' id='word_1_19' title='bbox 1373 253 1444 288; x_wconf 80' lang='lat' dir='ltr'>Cic.</span> <span class='ocrx_word' id='word_1_20' title='bbox 1474 253 1576 286; x_wconf 81' lang='lat' dir='ltr'>Tusc.</span> <span class='ocrx_word' id='word_1_21' title='bbox 1606 253 1630 291; x_wconf 90' lang='lat' dir='ltr'>l,</span> 
     </span>
     <span class='ocr_line' id='line_1_3' title="bbox 120 310 1631 372; baseline -0.017 -6"><span class='ocrx_word' id='word_1_22' title='bbox 120 334 178 372; x_wconf 79' lang='lat'>45,</span> <span class='ocrx_word' id='word_1_23' title='bbox 209 332 267 364; x_wconf 90' lang='lat' dir='ltr'>nbi</span> <span class='ocrx_word' id='word_1_24' title='bbox 294 338 406 363; x_wconf 87' lang='lat' dir='ltr'>tamen</span> <span class='ocrx_word' id='word_1_25' title='bbox 437 329 539 360; x_wconf 79' lang='lat' dir='ltr'>verba</span> <span class='ocrx_word' id='word_1_26' title='bbox 562 320 671 369; x_wconf 72' lang='lat' dir='ltr'>‘Argo</span> <span class='ocrx_word' id='word_1_27' title='bbox 699 317 786 366; x_wconf 82' lang='lat' dir='ltr'>quia&#39;</span> <span class='ocrx_word' id='word_1_28' title='bbox 815 330 846 355; x_wconf 84' lang='lat' dir='ltr'>et</span> <span class='ocrx_word' id='word_1_29' title='bbox 864 316 914 354; x_wconf 74' lang='lat' dir='ltr'>‘in</span> <span class='ocrx_word' id='word_1_30' title='bbox 939 314 986 353; x_wconf 84' lang='lat' dir='ltr'>ea&#39;</span> <span class='ocrx_word' id='word_1_31' title='bbox 1015 330 1034 350; x_wconf 84' lang='lat' dir='ltr'>a</span> <span class='ocrx_word' id='word_1_32' title='bbox 1061 318 1235 362; x_wconf 79' lang='lat' dir='ltr'>plerisque</span> <span class='ocrx_word' id='word_1_33' title='bbox 1263 314 1452 347; x_wconf 72' lang='lat' dir='ltr'>editoribus</span> <span class='ocrx_word' id='word_1_34' title='bbox 1476 310 1631 344; x_wconf 79' lang='lat' dir='ltr'>Ciceroni</span> 
     </span>
     <span class='ocr_line' id='line_1_4' title="bbox 121 370 1633 431; baseline -0.015 -7"><span class='ocrx_word' id='word_1_35' title='bbox 121 392 335 428; x_wconf 78' lang='lat' dir='ltr'>tribtulutur3</span> <span class='ocrx_word' id='word_1_36' title='bbox 359 399 418 422; x_wconf 88' lang='lat' dir='ltr'>eos</span> <span class='ocrx_word' id='word_1_37' title='bbox 444 393 577 431; x_wconf 86' lang='lat' dir='ltr'>poterat</span> <span class='ocrx_word' id='word_1_38' title='bbox 594 384 767 418; x_wconf 86' lang='lat' dir='ltr'>Cornificii</span> <span class='ocrx_word' id='word_1_39' title='bbox 790 382 906 414; x_wconf 82' lang='lat' dir='ltr'>citatio</span> <span class='ocrx_word' id='word_1_40' title='bbox 930 380 1090 421; x_wconf 85' lang='lat' dir='ltr'>decipere</span> <span class='ocrx_word' id='word_1_41' title='bbox 1124 376 1226 419; x_wconf 72' lang='lat' dir='ltr'>volgo</span> <span class='ocrx_word' id='word_1_42' title='bbox 1260 385 1301 406; x_wconf 86' lang='lat' dir='ltr'>ex</span> <span class='ocrx_word' id='word_1_43' title='bbox 1337 372 1507 415; x_wconf 76' lang='lat' dir='ltr'>corruptis</span> <span class='ocrx_word' id='word_1_44' title='bbox 1536 370 1633 402; x_wconf 88' lang='lat' dir='ltr'>libris</span> 
     </span>
     <span class='ocr_line' id='line_1_5' title="bbox 124 429 1633 484; baseline -0.017 -1"><span class='ocrx_word' id='word_1_45' title='bbox 124 450 290 484; x_wconf 81' lang='lat' dir='ltr'>exhibita.</span> <span class='ocrx_word' id='word_1_46' title='bbox 342 448 470 480; x_wconf 86' lang='lat' dir='ltr'>monuit</span> <span class='ocrx_word' id='word_1_47' title='bbox 508 447 576 477; x_wconf 87' lang='lat' dir='ltr'>iam</span> <span class='ocrx_word' id='word_1_48' title='bbox 611 443 721 476; x_wconf 88' lang='lat' dir='ltr'>Halm.</span> <span class='ocrx_word' id='word_1_49' title='bbox 756 459 801 464; x_wconf 90' lang='lat'>—</span> <span class='ocrx_word' id='word_1_50' title='bbox 845 438 1002 472; x_wconf 82' lang='lat' dir='ltr'>dilecti</span> <span class='ocrx_word' id='word_1_51' title='bbox 1037 447 1080 468; x_wconf 81' lang='lat' dir='ltr'>ex</span> <span class='ocrx_word' id='word_1_52' title='bbox 1113 435 1248 467; x_wconf 91' lang='lat' dir='ltr'>duobus</span> <span class='ocrx_word' id='word_1_53' title='bbox 1281 433 1382 465; x_wconf 85' lang='lat' dir='ltr'>codd.</span> <span class='ocrx_word' id='word_1_54' title='bbox 1418 429 1633 474; x_wconf 82' lang='lat' dir='ltr'>principibus</span> 
     </span>
     <span class='ocr_line' id='line_1_6' title="bbox 123 487 1634 542; baseline -0.017 0"><span class='ocrx_word' id='word_1_55' title='bbox 123 510 226 542; x_wconf 87' lang='lat' dir='ltr'>Tusc.</span> <span class='ocrx_word' id='word_1_56' title='bbox 265 509 287 542; x_wconf 82' lang='lat' dir='ltr'>l.</span> <span class='ocrx_word' id='word_1_57' title='bbox 326 518 356 539; x_wconf 90' lang='lat' dir='ltr'>c.</span> <span class='ocrx_word' id='word_1_58' title='bbox 391 507 530 538; x_wconf 88' lang='lat' dir='ltr'>ductmn</span> <span class='ocrx_word' id='word_1_59' title='bbox 564 504 665 535; x_wconf 86' lang='lat' dir='ltr'>etiam</span> <span class='ocrx_word' id='word_1_60' title='bbox 703 498 857 533; x_wconf 81' lang='lat' dir='ltr'>nonnulli</span> <span class='ocrx_word' id='word_1_61' title='bbox 891 503 1084 529; x_wconf 87' lang='lat' dir='ltr'>nostrorum</span> <span class='ocrx_word' id='word_1_62' title='bbox 1117 493 1257 526; x_wconf 87' lang='lat' dir='ltr'>habent.</span> <span class='ocrx_word' id='word_1_63' title='bbox 1366 496 1409 524; x_wconf 72' lang='lat'>13,</span> <span class='ocrx_word' id='word_1_64' title='bbox 1447 487 1634 521; x_wconf 84' lang='lat' dir='ltr'>Colchos</span> 
     </span>
     <span class='ocr_line' id='line_1_7' title="bbox 122 548 1635 605; baseline -0.016 -5"><span class='ocrx_word' id='word_1_65' title='bbox 122 568 260 605; x_wconf 86' lang='lat' dir='ltr'>malim,</span> <span class='ocrx_word' id='word_1_66' title='bbox 287 566 332 598; x_wconf 77' lang='lat' dir='ltr'>cf.</span> <span class='ocrx_word' id='word_1_67' title='bbox 361 565 449 598; x_wconf 92' lang='lat' dir='ltr'>Plin.</span> <span class='ocrx_word' id='word_1_68' title='bbox 476 564 518 597; x_wconf 88' lang='lat' dir='ltr'>H.</span> <span class='ocrx_word' id='word_1_69' title='bbox 547 561 586 596; x_wconf 90' lang='lat' dir='ltr'>N.</span> <span class='ocrx_word' id='word_1_70' title='bbox 615 561 681 599; x_wconf 86' lang='lat' dir='ltr'>IX,</span> <span class='ocrx_word' id='word_1_71' title='bbox 710 560 772 593; x_wconf 72' lang='lat'>54:</span> <span class='ocrx_word' id='word_1_72' title='bbox 795 551 926 590; x_wconf 70' lang='lat' dir='ltr'>‘visum</span> <span class='ocrx_word' id='word_1_73' title='bbox 957 560 1006 587; x_wconf 87' lang='lat' dir='ltr'>est</span> <span class='ocrx_word' id='word_1_74' title='bbox 1035 553 1118 585; x_wconf 88' lang='lat' dir='ltr'>tanti</span> <span class='ocrx_word' id='word_1_75' title='bbox 1144 553 1176 583; x_wconf 92' lang='lat' dir='ltr'>in</span> <span class='ocrx_word' id='word_1_76' title='bbox 1205 558 1392 584; x_wconf 72' lang='lat' dir='ltr'>extremam</span> <span class='ocrx_word' id='word_1_77' title='bbox 1418 548 1549 580; x_wconf 87' lang='lat' dir='ltr'>ltaliam</span> <span class='ocrx_word' id='word_1_78' title='bbox 1577 556 1635 588; x_wconf 92' lang='lat' dir='ltr'>pe-</span> 
     </span>
     <span class='ocr_line' id='line_1_8' title="bbox 125 612 625 659; baseline -0.014 -1"><span class='ocrx_word' id='word_1_79' title='bbox 125 633 196 659; x_wconf 87' lang='lat' dir='ltr'>tere</span> <span class='ocrx_word' id='word_1_80' title='bbox 222 625 445 658; x_wconf 83' lang='lat' dir='ltr'>Brundisium</span> <span class='ocrx_word' id='word_1_81' title='bbox 473 612 625 655; x_wconf 86' lang='lat' dir='ltr'>ostreas&#39;.</span> 
     </span>
    </p>

    <p class='ocr_par' dir='ltr' id='par_1_3' title="bbox 127 662 1640 902">
     <span class='ocr_line' id='line_1_9' title="bbox 220 662 1637 726; baseline -0.017 -8"><span class='ocrx_word' id='word_1_82' title='bbox 220 684 278 726; x_wconf 90' lang='grc'>60,</span> <span class='ocrx_word' id='word_1_83' title='bbox 305 690 334 715; x_wconf 82' lang='lat'><strong>2.</strong></span> <span class='ocrx_word' id='word_1_84' title='bbox 359 692 481 715; x_wconf 83' lang='lat' dir='ltr'>versus</span> <span class='ocrx_word' id='word_1_85' title='bbox 508 690 568 712; x_wconf 88' lang='lat' dir='ltr'>nec</span> <span class='ocrx_word' id='word_1_86' title='bbox 595 678 708 722; x_wconf 88' lang='lat' dir='ltr'>priore</span> <span class='ocrx_word' id='word_1_87' title='bbox 741 675 834 714; x_wconf 86' lang='lat' dir='ltr'>loco,</span> <span class='ocrx_word' id='word_1_88' title='bbox 871 684 931 705; x_wconf 89' lang='lat' dir='ltr'>nec</span> <span class='ocrx_word' id='word_1_89' title='bbox 960 670 1149 715; x_wconf 84' lang='lat' dir='ltr'>posteriore</span> <span class='ocrx_word' id='word_1_90' title='bbox 1177 668 1232 709; x_wconf 85' lang='grc'>(6)</span> <span class='ocrx_word' id='word_1_91' title='bbox 1260 667 1381 700; x_wconf 83' lang='lat' dir='ltr'>abesse</span> <span class='ocrx_word' id='word_1_92' title='bbox 1406 670 1538 708; x_wconf 83' lang='lat' dir='ltr'>potest,</span> <span class='ocrx_word' id='word_1_93' title='bbox 1573 662 1637 695; x_wconf 67' lang='lat' dir='ltr'>hec</span> 
     </span>
     <span class='ocr_line' id='line_1_10' title="bbox 127 722 1638 784; baseline -0.017 -6"><span class='ocrx_word' id='word_1_94' title='bbox 127 746 218 778; x_wconf 88' lang='lat' dir='ltr'>enim</span> <span class='ocrx_word' id='word_1_95' title='bbox 245 743 429 784; x_wconf 80' lang='lat' dir='ltr'>requiritur</span> <span class='ocrx_word' id='word_1_96' title='bbox 458 739 586 772; x_wconf 85' lang='lat' dir='ltr'>amoris</span> <span class='ocrx_word' id='word_1_97' title='bbox 610 734 904 774; x_wconf 79' lang='lat' dir='ltr'>commemoratio,</span> <span class='ocrx_word' id='word_1_98' title='bbox 929 733 962 763; x_wconf 89' lang='lat' dir='ltr'>in</span> <span class='ocrx_word' id='word_1_99' title='bbox 990 731 1103 774; x_wconf 89' lang='lat' dir='ltr'>priore</span> <span class='ocrx_word' id='word_1_100' title='bbox 1127 728 1193 767; x_wconf 86' lang='lat' dir='ltr'>nil,</span> <span class='ocrx_word' id='word_1_101' title='bbox 1221 726 1311 767; x_wconf 90' lang='lat' dir='ltr'>quod</span> <span class='ocrx_word' id='word_1_102' title='bbox 1338 725 1508 768; x_wconf 84' lang='lat' dir='ltr'>posterior</span> <span class='ocrx_word' id='word_1_103' title='bbox 1533 722 1638 754; x_wconf 82' lang='lat' dir='ltr'>habe-</span> 
     </span>
     <span class='ocr_line' id='line_1_11' title="bbox 127 778 1640 846; baseline -0.017 -9"><span class='ocrx_word' id='word_1_104' title='bbox 127 809 196 846; x_wconf 83' lang='lat' dir='ltr'>ret,</span> <span class='ocrx_word' id='word_1_105' title='bbox 219 803 356 836; x_wconf 89' lang='lat' dir='ltr'>abicere</span> <span class='ocrx_word' id='word_1_106' title='bbox 379 799 540 843; x_wconf 85' lang='lat' dir='ltr'>scriptori</span> <span class='ocrx_word' id='word_1_107' title='bbox 567 797 674 829; x_wconf 88' lang='lat' dir='ltr'>licuit.</span> <span class='ocrx_word' id='word_1_108' title='bbox 727 791 994 834; x_wconf 86' lang='lat' dir='ltr'>Oudendorpius</span> <span class='ocrx_word' id='word_1_109' title='bbox 1013 788 1067 820; x_wconf 83' lang='lat' dir='ltr'>vel</span> <span class='ocrx_word' id='word_1_110' title='bbox 1090 779 1235 818; x_wconf 67' lang='lat' dir='ltr'>‘Medea’</span> <span class='ocrx_word' id='word_1_111' title='bbox 1259 778 1404 816; x_wconf 59' lang='lat' dir='ltr'>‘meram</span> <span class='ocrx_word' id='word_1_112' title='bbox 1426 783 1529 814; x_wconf 86' lang='lat' dir='ltr'>herae</span> <span class='ocrx_word' id='word_1_113' title='bbox 1547 780 1640 824; x_wconf 80' lang='lat' dir='ltr'>glos-</span> 
     </span>
     <span class='ocr_line' id='line_1_12' title="bbox 128 838 1527 902; baseline -0.016 -6"><span class='ocrx_word' id='word_1_114' title='bbox 128 855 211 896; x_wconf 84' lang='lat' dir='ltr'>sam&#39;</span> <span class='ocrx_word' id='word_1_115' title='bbox 239 861 421 902; x_wconf 76' lang='lat' dir='ltr'>utrobique</span> <span class='ocrx_word' id='word_1_116' title='bbox 448 857 585 895; x_wconf 85' lang='lat' dir='ltr'>habuit,</span> <span class='ocrx_word' id='word_1_117' title='bbox 614 853 881 896; x_wconf 88' lang='lat' dir='ltr'>Euripideorum</span> <span class='ocrx_word' id='word_1_118' title='bbox 907 839 1078 881; x_wconf 80' lang='grc' dir='ltr'><em>δέσποιν’</em></span> <span class='ocrx_word' id='word_1_119' title='bbox 1106 839 1174 887; x_wconf 81' lang='grc' dir='ltr'>ἒμή</span> <span class='ocrx_word' id='word_1_120' title='bbox 1204 838 1361 886; x_wconf 78' lang='grc' dir='ltr'><em>Μήδεια</em></span> <span class='ocrx_word' id='word_1_121' title='bbox 1389 842 1527 874; x_wconf 90' lang='lat' dir='ltr'>oblitus.</span> 
     </span>
    </p>
   </div>
   <div class='ocr_carea' id='block_1_3' title="bbox 129 893 1709 1082">
    <p class='ocr_par' dir='ltr' id='par_1_4' title="bbox 129 893 1709 1082">
     <span class='ocr_line' id='line_1_13' title="bbox 129 893 1709 957; baseline -0.018 -1"><span class='ocrx_word' id='word_1_122' title='bbox 129 929 157 957; x_wconf 86' lang='lat'><strong>7.</strong></span> <span class='ocrx_word' id='word_1_123' title='bbox 185 921 230 957; x_wconf 80' lang='lat' dir='ltr'>cf.</span> <span class='ocrx_word' id='word_1_124' title='bbox 258 926 326 954; x_wconf 85' lang='lat' dir='ltr'>not.</span> <span class='ocrx_word' id='word_1_125' title='bbox 354 919 399 951; x_wconf 89' lang='lat' dir='ltr'>ad</span> <span class='ocrx_word' id='word_1_126' title='bbox 426 917 484 956; x_wconf 84' lang='lat'>58,</span> <span class='ocrx_word' id='word_1_127' title='bbox 512 916 545 949; x_wconf 83' lang='lat'><strong>6.</strong></span> <span class='ocrx_word' id='word_1_128' title='bbox 571 933 618 939; x_wconf 85' lang='lat'><strong>—</strong></span> <span class='ocrx_word' id='word_1_129' title='bbox 669 919 711 946; x_wconf 89' lang='lat'><strong>10.</strong></span> <span class='ocrx_word' id='word_1_130' title='bbox 743 912 907 944; x_wconf 78' lang='lat' dir='ltr'>vitiosa</span> <span class='ocrx_word' id='word_1_131' title='bbox 933 908 1046 940; x_wconf 85' lang='lat' dir='ltr'>ratio</span> <span class='ocrx_word' id='word_1_132' title='bbox 1080 912 1162 947; x_wconf 81' lang='lat' dir='ltr'>est,</span> <span class='ocrx_word' id='word_1_133' title='bbox 1196 913 1274 945; x_wconf 85' lang='lat' dir='ltr'>qua</span> <span class='ocrx_word' id='word_1_134' title='bbox 1307 902 1357 933; x_wconf 87' lang='lat' dir='ltr'>ad</span> <span class='ocrx_word' id='word_1_135' title='bbox 1389 899 1637 944; x_wconf 75' lang='lat' dir='ltr'>expositio-</span> <span class='ocrx_word' id='word_1_136' title='bbox 1663 893 1709 927; x_wconf 84' lang='lat'>35</span> 
     </span>
     <span class='ocr_line' id='line_1_14' title="bbox 131 960 1641 1014; baseline -0.018 1"><span class='ocrx_word' id='word_1_137' title='bbox 131 992 222 1014; x_wconf 87' lang='lat' dir='ltr'>nem</span> <span class='ocrx_word' id='word_1_138' title='bbox 249 999 290 1005; x_wconf 94' lang='lat'>—</span> <span class='ocrx_word' id='word_1_139' title='bbox 320 978 571 1010; x_wconf 87' lang='lat' dir='ltr'>vanitatem.</span> <span class='ocrx_word' id='word_1_140' title='bbox 624 972 696 1007; x_wconf 87' lang='lat' dir='ltr'>Cic.</span> <span class='ocrx_word' id='word_1_141' title='bbox 724 972 796 1004; x_wconf 85' lang='lat' dir='ltr'>luv.</span> <span class='ocrx_word' id='word_1_142' title='bbox 829 970 856 1011; x_wconf 86' lang='lat'>1,</span> <span class='ocrx_word' id='word_1_143' title='bbox 883 968 941 1001; x_wconf 79' lang='lat'>04.</span> <span class='ocrx_word' id='word_1_144' title='bbox 976 960 1178 999; x_wconf 76' lang='lat' dir='ltr'>‘advorsum</span> <span class='ocrx_word' id='word_1_145' title='bbox 1205 969 1274 1001; x_wconf 83' lang='lat' dir='ltr'>est,</span> <span class='ocrx_word' id='word_1_146' title='bbox 1303 960 1393 1003; x_wconf 85' lang='lat' dir='ltr'>qnod</span> <span class='ocrx_word' id='word_1_147' title='bbox 1422 960 1489 1003; x_wconf 83' lang='lat' dir='ltr'>ipsi</span> <span class='ocrx_word' id='word_1_148' title='bbox 1519 968 1641 991; x_wconf 85' lang='lat' dir='ltr'>causae</span> 
     </span>
     <span class='ocr_line' id='line_1_15' title="bbox 132 1017 1643 1082; baseline -0.017 -9"><span class='ocrx_word' id='word_1_149' title='bbox 132 1041 249 1082; x_wconf 88' lang='lat' dir='ltr'>aliqua</span> <span class='ocrx_word' id='word_1_150' title='bbox 281 1049 325 1071; x_wconf 86' lang='lat' dir='ltr'>ex</span> <span class='ocrx_word' id='word_1_151' title='bbox 361 1042 459 1081; x_wconf 87' lang='lat' dir='ltr'>parte</span> <span class='ocrx_word' id='word_1_152' title='bbox 493 1034 621 1074; x_wconf 79' lang='lat' dir='ltr'>officit,</span> <span class='ocrx_word' id='word_1_153' title='bbox 662 1037 696 1063; x_wconf 92' lang='lat' dir='ltr'>nt</span> <span class='ocrx_word' id='word_1_154' title='bbox 723 1031 752 1062; x_wconf 89' lang='lat' dir='ltr'>si</span> <span class='ocrx_word' id='word_1_155' title='bbox 783 1047 829 1053; x_wconf 97' lang='lat'>—</span> <span class='ocrx_word' id='word_1_156' title='bbox 861 1028 946 1060; x_wconf 88' lang='lat' dir='ltr'>ratio</span> <span class='ocrx_word' id='word_1_157' title='bbox 982 1025 1127 1058; x_wconf 86' lang='lat' dir='ltr'>alicuius</span> <span class='ocrx_word' id='word_1_158' title='bbox 1160 1023 1206 1055; x_wconf 84' lang='lat' dir='ltr'>rei</span> <span class='ocrx_word' id='word_1_159' title='bbox 1236 1021 1396 1054; x_wconf 85' lang='lat' dir='ltr'>reddetur</span> <span class='ocrx_word' id='word_1_160' title='bbox 1430 1018 1539 1059; x_wconf 84' lang='lat' dir='ltr'>falsa,</span> <span class='ocrx_word' id='word_1_161' title='bbox 1578 1017 1643 1049; x_wconf 87' lang='lat' dir='ltr'>hoe</span> 
     </span>
    </p>
   </div>
   <div class='ocr_carea' id='block_1_4' title="bbox 133 1076 1686 2906">
    <p class='ocr_par' dir='ltr' id='par_1_5' title="bbox 133 1076 1645 1377">
     <span class='ocr_line' id='line_1_16' title="bbox 133 1076 1643 1141; baseline -0.017 -10"><span class='ocrx_word' id='word_1_162' title='bbox 133 1098 253 1131; x_wconf 90' lang='lat' dir='ltr'>modo:</span> <span class='ocrx_word' id='word_1_163' title='bbox 281 1096 428 1141; x_wconf 86' lang='lat' dir='ltr'>pecunia</span> <span class='ocrx_word' id='word_1_164' title='bbox 452 1095 579 1128; x_wconf 83' lang='lat' dir='ltr'>boumn</span> <span class='ocrx_word' id='word_1_165' title='bbox 606 1097 657 1124; x_wconf 87' lang='lat' dir='ltr'>est</span> <span class='ocrx_word' id='word_1_166' title='bbox 679 1094 881 1133; x_wconf 86' lang='lat' dir='ltr'>propterea,</span> <span class='ocrx_word' id='word_1_167' title='bbox 908 1084 1001 1128; x_wconf 90' lang='lat' dir='ltr'>quod</span> <span class='ocrx_word' id='word_1_168' title='bbox 1028 1094 1068 1116; x_wconf 88' lang='lat' dir='ltr'>ea</span> <span class='ocrx_word' id='word_1_169' title='bbox 1088 1092 1246 1114; x_wconf 83' lang='lat' dir='ltr'>maxume</span> <span class='ocrx_word' id='word_1_170' title='bbox 1277 1081 1382 1112; x_wconf 86' lang='lat' dir='ltr'>vitam</span> <span class='ocrx_word' id='word_1_171' title='bbox 1404 1078 1538 1111; x_wconf 85' lang='lat' dir='ltr'>beatam</span> <span class='ocrx_word' id='word_1_172' title='bbox 1565 1076 1643 1108; x_wconf 76' lang='lat' dir='ltr'>ecli-</span> 
     </span>
     <span class='ocr_line' id='line_1_17' title="bbox 135 1133 1644 1196; baseline -0.017 -6"><span class='ocrx_word' id='word_1_173' title='bbox 135 1158 198 1196; x_wconf 86' lang='lat' dir='ltr'>cit,</span> <span class='ocrx_word' id='word_1_174' title='bbox 224 1163 281 1188; x_wconf 89' lang='lat' dir='ltr'>ant</span> <span class='ocrx_word' id='word_1_175' title='bbox 307 1156 338 1188; x_wconf 90' lang='lat' dir='ltr'>si</span> <span class='ocrx_word' id='word_1_176' title='bbox 363 1154 514 1193; x_wconf 88' lang='lat' dir='ltr'>infirma,</span> <span class='ocrx_word' id='word_1_177' title='bbox 542 1157 576 1184; x_wconf 89' lang='lat' dir='ltr'>ut</span> <span class='ocrx_word' id='word_1_178' title='bbox 599 1150 759 1183; x_wconf 86' lang='lat' dir='ltr'>Plautus:</span> <span class='ocrx_word' id='word_1_179' title='bbox 787 1147 935 1179; x_wconf 88' lang='lat' dir='ltr'>amicmn</span> <span class='ocrx_word' id='word_1_180' title='bbox 961 1133 1149 1190; x_wconf 40' lang='lat' dir='ltr'>castigare&#39;·</span> <span class='ocrx_word' id='word_1_181' title='bbox 1170 1148 1233 1173; x_wconf 87' lang='lat' dir='ltr'>etc.</span> <span class='ocrx_word' id='word_1_182' title='bbox 1283 1137 1401 1171; x_wconf 88' lang='lat' dir='ltr'>Cicero</span> <span class='ocrx_word' id='word_1_183' title='bbox 1429 1135 1644 1170; x_wconf 83' lang='lat' dir='ltr'>commodius</span> 
     </span>
     <span class='ocr_line' id='line_1_18' title="bbox 136 1196 1645 1258; baseline -0.016 -10"><span class='ocrx_word' id='word_1_184' title='bbox 136 1226 237 1258; x_wconf 89' lang='lat' dir='ltr'>quam</span> <span class='ocrx_word' id='word_1_185' title='bbox 264 1213 465 1248; x_wconf 78' lang='lat' dir='ltr'>Cornificius</span> <span class='ocrx_word' id='word_1_186' title='bbox 498 1209 647 1244; x_wconf 80' lang='lat' dir='ltr'>absolvit</span> <span class='ocrx_word' id='word_1_187' title='bbox 671 1217 795 1240; x_wconf 83' lang='lat' dir='ltr'>vanam</span> <span class='ocrx_word' id='word_1_188' title='bbox 817 1205 1004 1241; x_wconf 90' lang='lat' dir='ltr'>rationem,</span> <span class='ocrx_word' id='word_1_189' title='bbox 1034 1200 1159 1233; x_wconf 86' lang='lat' dir='ltr'>deinde</span> <span class='ocrx_word' id='word_1_190' title='bbox 1186 1199 1354 1230; x_wconf 85' lang='lat' dir='ltr'>infirmam</span> <span class='ocrx_word' id='word_1_191' title='bbox 1380 1196 1546 1228; x_wconf 91' lang='lat' dir='ltr'>rationem</span> <span class='ocrx_word' id='word_1_192' title='bbox 1566 1203 1645 1237; x_wconf 81' lang='lat' dir='ltr'>par-</span> 
     </span>
     <span class='ocr_line' id='line_1_19' title="bbox 136 1255 1644 1314; baseline -0.017 -6"><span class='ocrx_word' id='word_1_193' title='bbox 136 1275 277 1307; x_wconf 85' lang='lat' dir='ltr'>ticulam</span> <span class='ocrx_word' id='word_1_194' title='bbox 303 1274 450 1306; x_wconf 83' lang='lat' dir='ltr'>vitiosae</span> <span class='ocrx_word' id='word_1_195' title='bbox 476 1267 785 1314; x_wconf 78' lang='lat' dir='ltr'>argumentationis</span> <span class='ocrx_word' id='word_1_196' title='bbox 814 1264 913 1303; x_wconf 79' lang='lat' dir='ltr'>facit,</span> <span class='ocrx_word' id='word_1_197' title='bbox 942 1272 1027 1300; x_wconf 89' lang='lat' dir='ltr'>non,</span> <span class='ocrx_word' id='word_1_198' title='bbox 1055 1266 1089 1292; x_wconf 94' lang='lat' dir='ltr'>ut</span> <span class='ocrx_word' id='word_1_199' title='bbox 1117 1259 1186 1297; x_wconf 79' lang='lat' dir='ltr'>hic,</span> <span class='ocrx_word' id='word_1_200' title='bbox 1211 1269 1249 1290; x_wconf 85' lang='lat' dir='ltr'>ea</span> <span class='ocrx_word' id='word_1_201' title='bbox 1277 1255 1510 1300; x_wconf 77' lang='lat' dir='ltr'>appellatione</span> <span class='ocrx_word' id='word_1_202' title='bbox 1536 1262 1644 1296; x_wconf 83' lang='lat' dir='ltr'>paene</span> 
     </span>
     <span class='ocr_line' id='line_1_20' title="bbox 136 1329 650 1377; baseline -0.012 -10"><span class='ocrx_word' id='word_1_203' title='bbox 136 1341 242 1367; x_wconf 87' lang='lat' dir='ltr'>totum</span> <span class='ocrx_word' id='word_1_204' title='bbox 268 1343 378 1377; x_wconf 83' lang='lat' dir='ltr'>genus</span> <span class='ocrx_word' id='word_1_205' title='bbox 401 1329 650 1374; x_wconf 79' lang='lat' dir='ltr'>complectitur.</span> 
     </span>
    </p>

    <p class='ocr_par' dir='ltr' id='par_1_6' title="bbox 135 1372 1659 2379">
     <span class='ocr_line' id='line_1_21' title="bbox 233 1372 1647 1434; baseline -0.017 -8"><span class='ocrx_word' id='word_1_206' title='bbox 233 1393 292 1434; x_wconf 78' lang='lat'>61,</span> <span class='ocrx_word' id='word_1_207' title='bbox 322 1398 351 1424; x_wconf 75' lang='lat'><strong>4.</strong></span> <span class='ocrx_word' id='word_1_208' title='bbox 381 1391 562 1423; x_wconf 87' lang='lat' dir='ltr'>amicum</span> <span class='ocrx_word' id='word_1_209' title='bbox 587 1387 809 1428; x_wconf 83' lang='lat' dir='ltr'>castigarc</span> <span class='ocrx_word' id='word_1_210' title='bbox 837 1381 887 1416; x_wconf 80' lang='lat' dir='ltr'>Pl,</span> <span class='ocrx_word' id='word_1_211' title='bbox 917 1381 1012 1414; x_wconf 81' lang='lat' dir='ltr'>Trin,</span> <span class='ocrx_word' id='word_1_212' title='bbox 1041 1379 1067 1419; x_wconf 92' lang='lat' dir='ltr'>l,</span> <span class='ocrx_word' id='word_1_213' title='bbox 1099 1377 1128 1416; x_wconf 91' lang='lat' dir='ltr'>l,</span> <span class='ocrx_word' id='word_1_214' title='bbox 1158 1377 1172 1408; x_wconf 95' lang='grc'><strong>1</strong></span> <span class='ocrx_word' id='word_1_215' title='bbox 1203 1387 1277 1417; x_wconf 78' lang='lat' dir='ltr'>sqq.</span> <span class='ocrx_word' id='word_1_216' title='bbox 1365 1378 1395 1406; x_wconf 83' lang='lat'><strong>9.</strong></span> <span class='ocrx_word' id='word_1_217' title='bbox 1427 1372 1647 1405; x_wconf 82' lang='lat' dir='ltr'>conmissa</span> 
     </span>
     <span class='ocr_line' id='line_1_22' title="bbox 140 1431 1647 1492; baseline -0.018 -5"><span class='ocrx_word' id='word_1_218' title='bbox 140 1453 294 1491; x_wconf 80' lang='lat' dir='ltr'>servavi,</span> <span class='ocrx_word' id='word_1_219' title='bbox 323 1460 425 1492; x_wconf 90' lang='lat' dir='ltr'>quom</span> <span class='ocrx_word' id='word_1_220' title='bbox 451 1454 531 1492; x_wconf 87' lang='lat' dir='ltr'>aput</span> <span class='ocrx_word' id='word_1_221' title='bbox 560 1446 610 1480; x_wconf 87' lang='lat' dir='ltr'>Pl.</span> <span class='ocrx_word' id='word_1_222' title='bbox 645 1434 856 1477; x_wconf 75' lang='lat' dir='ltr'>‘comnerita’</span> <span class='ocrx_word' id='word_1_223' title='bbox 894 1440 957 1479; x_wconf 80' lang='lat' dir='ltr'>sit,</span> <span class='ocrx_word' id='word_1_224' title='bbox 993 1436 1172 1480; x_wconf 83' lang='lat' dir='ltr'>scriptoris</span> <span class='ocrx_word' id='word_1_225' title='bbox 1207 1434 1296 1466; x_wconf 84' lang='lat' dir='ltr'>enim</span> <span class='ocrx_word' id='word_1_226' title='bbox 1328 1432 1449 1475; x_wconf 84' lang='lat' dir='ltr'>lapsus</span> <span class='ocrx_word' id='word_1_227' title='bbox 1475 1431 1647 1473; x_wconf 84' lang='lat' dir='ltr'>corrigere</span> 
     </span>
     <span class='ocr_line' id='line_1_23' title="bbox 140 1493 1649 1547; baseline -0.018 -1"><span class='ocrx_word' id='word_1_228' title='bbox 140 1520 292 1547; x_wconf 88' lang='lat' dir='ltr'>nostrum</span> <span class='ocrx_word' id='word_1_229' title='bbox 319 1520 385 1542; x_wconf 92' lang='lat' dir='ltr'>uon</span> <span class='ocrx_word' id='word_1_230' title='bbox 412 1514 473 1541; x_wconf 88' lang='lat' dir='ltr'>est.</span> <span class='ocrx_word' id='word_1_231' title='bbox 561 1511 606 1540; x_wconf 81' lang='lat'>10.</span> <span class='ocrx_word' id='word_1_232' title='bbox 647 1513 697 1536; x_wconf 88' lang='lat' dir='ltr'>ex</span> <span class='ocrx_word' id='word_1_233' title='bbox 731 1513 777 1534; x_wconf 90' lang='lat' dir='ltr'>eo</span> <span class='ocrx_word' id='word_1_234' title='bbox 815 1499 930 1542; x_wconf 88' lang='lat' dir='ltr'>quod</span> <span class='ocrx_word' id='word_1_235' title='bbox 963 1499 1056 1542; x_wconf 84' lang='lat' dir='ltr'>ipse</span> <span class='ocrx_word' id='word_1_236' title='bbox 1082 1514 1128 1519; x_wconf 90' lang='lat'>—</span> <span class='ocrx_word' id='word_1_237' title='bbox 1160 1493 1466 1525; x_wconf 84' lang='lat' dir='ltr'>ratiocinatur,</span> <span class='ocrx_word' id='word_1_238' title='bbox 1519 1496 1649 1522; x_wconf 83' lang='lat' dir='ltr'>utrum-</span> 
     </span>
     <span class='ocr_line' id='line_1_24' title="bbox 141 1550 1649 1614; baseline -0.017 -9"><span class='ocrx_word' id='word_1_239' title='bbox 141 1583 206 1614; x_wconf 88' lang='lat' dir='ltr'>que</span> <span class='ocrx_word' id='word_1_240' title='bbox 238 1571 440 1613; x_wconf 81' lang='lat' dir='ltr'>scriptorem</span> <span class='ocrx_word' id='word_1_241' title='bbox 479 1567 570 1609; x_wconf 69' lang='lat' dir='ltr'>(lnv.</span> <span class='ocrx_word' id='word_1_242' title='bbox 611 1564 641 1603; x_wconf 93' lang='lat' dir='ltr'>l,</span> <span class='ocrx_word' id='word_1_243' title='bbox 675 1560 736 1603; x_wconf 78' lang='lat'>05)</span> <span class='ocrx_word' id='word_1_244' title='bbox 771 1568 953 1603; x_wconf 85' lang='lat' dir='ltr'>perperam</span> <span class='ocrx_word' id='word_1_245' title='bbox 988 1556 1029 1588; x_wconf 89' lang='lat' dir='ltr'>de</span> <span class='ocrx_word' id='word_1_246' title='bbox 1051 1555 1208 1587; x_wconf 87' lang='lat' dir='ltr'>Plautino</span> <span class='ocrx_word' id='word_1_247' title='bbox 1238 1553 1312 1585; x_wconf 88' lang='lat' dir='ltr'>loco</span> <span class='ocrx_word' id='word_1_248' title='bbox 1342 1550 1513 1589; x_wconf 87' lang='lat' dir='ltr'>indicare,</span> <span class='ocrx_word' id='word_1_249' title='bbox 1547 1557 1649 1589; x_wconf 90' lang='lat' dir='ltr'>quom</span> 
     </span>
     <span class='ocr_line' id='line_1_25' title="bbox 135 1608 1647 1665; baseline -0.017 1"><span class='ocrx_word' id='word_1_250' title='bbox 135 1624 240 1665; x_wconf 69' lang='lat' dir='ltr'>&lt;nam&#39;</span> <span class='ocrx_word' id='word_1_251' title='bbox 269 1630 316 1662; x_wconf 91' lang='lat' dir='ltr'>ibi</span> <span class='ocrx_word' id='word_1_252' title='bbox 349 1624 602 1660; x_wconf 83' lang='lat' dir='ltr'>ratiocinationi</span> <span class='ocrx_word' id='word_1_253' title='bbox 635 1632 701 1654; x_wconf 90' lang='lat' dir='ltr'>nou</span> <span class='ocrx_word' id='word_1_254' title='bbox 735 1619 922 1656; x_wconf 79' lang='lat' dir='ltr'>inserviat,</span> <span class='ocrx_word' id='word_1_255' title='bbox 961 1614 1129 1648; x_wconf 74' lang='lat' dir='ltr'>intellexit</span> <span class='ocrx_word' id='word_1_256' title='bbox 1165 1612 1312 1652; x_wconf 79' lang='lat' dir='ltr'>Schiitz,</span> <span class='ocrx_word' id='word_1_257' title='bbox 1355 1609 1465 1642; x_wconf 85' lang='lat' dir='ltr'>Praef.</span> <span class='ocrx_word' id='word_1_258' title='bbox 1500 1610 1545 1641; x_wconf 89' lang='lat' dir='ltr'>ad</span> <span class='ocrx_word' id='word_1_259' title='bbox 1577 1608 1647 1645; x_wconf 77' lang='lat' dir='ltr'>Cic,</span> 
     </span>
     <span class='ocr_line' id='line_1_26' title="bbox 142 1670 1652 1728; baseline -0.017 -4"><span class='ocrx_word' id='word_1_260' title='bbox 142 1691 242 1724; x_wconf 75' lang='lat' dir='ltr'>thet.</span> <span class='ocrx_word' id='word_1_261' title='bbox 269 1690 296 1728; x_wconf 88' lang='grc' dir='ltr'>Ι,</span> <span class='ocrx_word' id='word_1_262' title='bbox 326 1686 408 1719; x_wconf 75' lang='lat' dir='ltr'>xlv</span> <span class='ocrx_word' id='word_1_263' title='bbox 436 1696 487 1726; x_wconf 79' lang='lat' dir='ltr'>sq.</span> <span class='ocrx_word' id='word_1_264' title='bbox 588 1688 633 1715; x_wconf 73' lang='lat' dir='ltr'>lu.</span> <span class='ocrx_word' id='word_1_265' title='bbox 660 1690 720 1724; x_wconf 84' lang='lat' dir='ltr'>per</span> <span class='ocrx_word' id='word_1_266' title='bbox 750 1680 940 1718; x_wconf 84' lang='lat' dir='ltr'>itemque</span> <span class='ocrx_word' id='word_1_267' title='bbox 964 1674 1051 1706; x_wconf 88' lang='lat' dir='ltr'>redit</span> <span class='ocrx_word' id='word_1_268' title='bbox 1070 1673 1113 1704; x_wconf 85' lang='lat' dir='ltr'>ad</span> <span class='ocrx_word' id='word_1_269' title='bbox 1139 1671 1307 1703; x_wconf 81' lang='lat' dir='ltr'>infirmam</span> <span class='ocrx_word' id='word_1_270' title='bbox 1336 1670 1526 1708; x_wconf 86' lang='lat' dir='ltr'>rationem,</span> <span class='ocrx_word' id='word_1_271' title='bbox 1550 1674 1652 1709; x_wconf 89' lang='lat' dir='ltr'>atque</span> 
     </span>
     <span class='ocr_line' id='line_1_27' title="bbox 144 1727 1653 1789; baseline -0.018 -7"><span class='ocrx_word' id='word_1_272' title='bbox 144 1751 192 1782; x_wconf 89' lang='lat' dir='ltr'>ita</span> <span class='ocrx_word' id='word_1_273' title='bbox 217 1748 367 1789; x_wconf 88' lang='lat' dir='ltr'>loquitur</span> <span class='ocrx_word' id='word_1_274' title='bbox 390 1745 455 1777; x_wconf 85' lang='lat' dir='ltr'>hoc</span> <span class='ocrx_word' id='word_1_275' title='bbox 479 1752 545 1775; x_wconf 88' lang='lat' dir='ltr'>uno</span> <span class='ocrx_word' id='word_1_276' title='bbox 570 1741 662 1779; x_wconf 85' lang='lat' dir='ltr'>loco,</span> <span class='ocrx_word' id='word_1_277' title='bbox 691 1738 773 1770; x_wconf 86' lang='lat' dir='ltr'>alibi</span> <span class='ocrx_word' id='word_1_278' title='bbox 798 1738 898 1768; x_wconf 87' lang='lat' dir='ltr'>item</span> <span class='ocrx_word' id='word_1_279' title='bbox 924 1733 1105 1766; x_wconf 84' lang='lat' dir='ltr'>iuvenitur.</span> <span class='ocrx_word' id='word_1_280' title='bbox 1195 1734 1237 1763; x_wconf 89' lang='lat'>18.</span> <span class='ocrx_word' id='word_1_281' title='bbox 1265 1729 1494 1771; x_wconf 82' lang='lat' dir='ltr'>fragmentum</span> <span class='ocrx_word' id='word_1_282' title='bbox 1513 1727 1653 1758; x_wconf 82' lang='lat' dir='ltr'>Pacuvii</span> 
     </span>
     <span class='ocr_line' id='line_1_28' title="bbox 144 1785 1655 1847; baseline -0.016 -7"><span class='ocrx_word' id='word_1_283' title='bbox 144 1806 309 1840; x_wconf 60' lang='lat' dir='ltr'>NVelcker</span> <span class='ocrx_word' id='word_1_284' title='bbox 332 1805 435 1847; x_wconf 83' lang='lat' dir='ltr'>Trag.</span> <span class='ocrx_word' id='word_1_285' title='bbox 468 1799 557 1834; x_wconf 80' lang='lat'>1159</span> <span class='ocrx_word' id='word_1_286' title='bbox 584 1810 659 1840; x_wconf 82' lang='lat' dir='ltr'>sqq.</span> <span class='ocrx_word' id='word_1_287' title='bbox 691 1807 734 1829; x_wconf 81' lang='lat' dir='ltr'>ex</span> <span class='ocrx_word' id='word_1_288' title='bbox 765 1795 949 1828; x_wconf 85' lang='lat' dir='ltr'>Duloreste</span> <span class='ocrx_word' id='word_1_289' title='bbox 984 1792 1127 1835; x_wconf 89' lang='lat' dir='ltr'>petitum</span> <span class='ocrx_word' id='word_1_290' title='bbox 1157 1789 1372 1832; x_wconf 82' lang='lat' dir='ltr'>suspicatur,</span> <span class='ocrx_word' id='word_1_291' title='bbox 1406 1786 1560 1818; x_wconf 77' lang='lat' dir='ltr'>Ribbeck</span> <span class='ocrx_word' id='word_1_292' title='bbox 1589 1785 1655 1817; x_wconf 73' lang='lat'>104</span> 
     </span>
     <span class='ocr_line' id='line_1_29' title="bbox 146 1844 1651 1902; baseline -0.017 -2"><span class='ocrx_word' id='word_1_293' title='bbox 146 1879 191 1902; x_wconf 79' lang='lat' dir='ltr'>ex</span> <span class='ocrx_word' id='word_1_294' title='bbox 217 1865 419 1902; x_wconf 84' lang='lat' dir='ltr'>Hermiona,</span> <span class='ocrx_word' id='word_1_295' title='bbox 444 1860 582 1893; x_wconf 87' lang='lat' dir='ltr'>rediens</span> <span class='ocrx_word' id='word_1_296' title='bbox 607 1866 720 1890; x_wconf 85' lang='lat' dir='ltr'>tamen</span> <span class='ocrx_word' id='word_1_297' title='bbox 748 1856 792 1888; x_wconf 88' lang='lat' dir='ltr'>ad</span> <span class='ocrx_word' id='word_1_298' title='bbox 819 1855 961 1887; x_wconf 85' lang='lat' dir='ltr'>alteram</span> <span class='ocrx_word' id='word_1_299' title='bbox 989 1851 1142 1884; x_wconf 85' lang='lat' dir='ltr'>fabulam</span> <span class='ocrx_word' id='word_1_300' title='bbox 1166 1847 1248 1882; x_wconf 83' lang='lat'><strong>283.</strong></span> <span class='ocrx_word' id='word_1_301' title='bbox 1301 1846 1503 1879; x_wconf 82' lang='lat' dir='ltr'>Fleckeisen</span> <span class='ocrx_word' id='word_1_302' title='bbox 1526 1844 1651 1878; x_wconf 85' lang='lat' dir='ltr'>Philol,</span> 
     </span>
     <span class='ocr_line' id='line_1_30' title="bbox 148 1908 1655 1966; baseline -0.017 -6"><span class='ocrx_word' id='word_1_303' title='bbox 148 1926 253 1966; x_wconf 82' lang='lat'>1852,</span> <span class='ocrx_word' id='word_1_304' title='bbox 279 1920 418 1957; x_wconf 81' lang='lat'>383—8</span> <span class='ocrx_word' id='word_1_305' title='bbox 446 1925 584 1962; x_wconf 88' lang='lat' dir='ltr'>optume</span> <span class='ocrx_word' id='word_1_306' title='bbox 611 1917 654 1949; x_wconf 87' lang='lat' dir='ltr'>de</span> <span class='ocrx_word' id='word_1_307' title='bbox 679 1913 904 1948; x_wconf 80' lang='lat' dir='ltr'>restituendis</span> <span class='ocrx_word' id='word_1_308' title='bbox 929 1911 983 1943; x_wconf 88' lang='lat' dir='ltr'>his</span> <span class='ocrx_word' id='word_1_309' title='bbox 1010 1920 1082 1942; x_wconf 79' lang='lat' dir='ltr'>vss.</span> <span class='ocrx_word' id='word_1_310' title='bbox 1106 1908 1240 1941; x_wconf 85' lang='lat' dir='ltr'>meruit.</span> <span class='ocrx_word' id='word_1_311' title='bbox 1388 1911 1434 1939; x_wconf 83' lang='lat'><strong>20.</strong></span> <span class='ocrx_word' id='word_1_312' title='bbox 1462 1914 1655 1945; x_wconf 83' lang='lat' dir='ltr'>saxoque</span> 
     </span>
     <span class='ocr_line' id='line_1_31' title="bbox 149 1962 1656 2023; baseline -0.017 -4"><span class='ocrx_word' id='word_1_313' title='bbox 149 1988 316 2018; x_wconf 88' lang='lat' dir='ltr'>instare</span> <span class='ocrx_word' id='word_1_314' title='bbox 344 1982 386 2013; x_wconf 89' lang='lat' dir='ltr'>in</span> <span class='ocrx_word' id='word_1_315' title='bbox 412 1978 596 2023; x_wconf 82' lang='lat' dir='ltr'>globoso</span> <span class='ocrx_word' id='word_1_316' title='bbox 626 1974 811 2018; x_wconf 84' lang='lat' dir='ltr'>legendum</span> <span class='ocrx_word' id='word_1_317' title='bbox 839 1982 916 2004; x_wconf 82' lang='lat' dir='ltr'>esse</span> <span class='ocrx_word' id='word_1_318' title='bbox 947 1970 1016 2001; x_wconf 89' lang='lat' dir='ltr'>iam</span> <span class='ocrx_word' id='word_1_319' title='bbox 1043 1967 1236 2000; x_wconf 79' lang='lat' dir='ltr'>Salmasius</span> <span class='ocrx_word' id='word_1_320' title='bbox 1263 1966 1384 1997; x_wconf 84' lang='lat' dir='ltr'>Exere.</span> <span class='ocrx_word' id='word_1_321' title='bbox 1413 1963 1500 1995; x_wconf 89' lang='lat' dir='ltr'>Plin.</span> <span class='ocrx_word' id='word_1_322' title='bbox 1527 1974 1562 2006; x_wconf 84' lang='lat' dir='ltr'>p.</span> <span class='ocrx_word' id='word_1_323' title='bbox 1587 1962 1656 1995; x_wconf 79' lang='lat'>873</span> 
     </span>
     <span class='ocr_line' id='line_1_32' title="bbox 149 2022 1655 2081; baseline -0.018 -4"><span class='ocrx_word' id='word_1_324' title='bbox 149 2043 279 2077; x_wconf 81' lang='lat' dir='ltr'>invenit</span> <span class='ocrx_word' id='word_1_325' title='bbox 306 2040 471 2081; x_wconf 82' lang='lat' dir='ltr'>(fortasse</span> <span class='ocrx_word' id='word_1_326' title='bbox 502 2038 657 2078; x_wconf 87' lang='lat' dir='ltr'>inspecto</span> <span class='ocrx_word' id='word_1_327' title='bbox 692 2032 810 2064; x_wconf 86' lang='lat' dir='ltr'>codiee</span> <span class='ocrx_word' id='word_1_328' title='bbox 841 2029 998 2061; x_wconf 86' lang='lat' dir='ltr'>Parisino</span> <span class='ocrx_word' id='word_1_329' title='bbox 1033 2025 1105 2069; x_wconf 78' lang='lat' dir='ltr'>[p]‚</span> <span class='ocrx_word' id='word_1_330' title='bbox 1140 2025 1229 2056; x_wconf 83' lang='lat' dir='ltr'>unde</span> <span class='ocrx_word' id='word_1_331' title='bbox 1260 2022 1451 2066; x_wconf 84' lang='lat' dir='ltr'>profectum</span> <span class='ocrx_word' id='word_1_332' title='bbox 1485 2022 1655 2064; x_wconf 81' lang='lat' dir='ltr'>suspicor,</span> 
     </span>
     <span class='ocr_line' id='line_1_33' title="bbox 151 2078 1658 2146; baseline -0.018 -10"><span class='ocrx_word' id='word_1_333' title='bbox 151 2103 243 2146; x_wconf 89' lang='lat' dir='ltr'>quod</span> <span class='ocrx_word' id='word_1_334' title='bbox 268 2100 396 2132; x_wconf 86' lang='lat' dir='ltr'>ibidem</span> <span class='ocrx_word' id='word_1_335' title='bbox 424 2095 554 2140; x_wconf 78' lang='lat' dir='ltr'>profert</span> <span class='ocrx_word' id='word_1_336' title='bbox 573 2087 625 2125; x_wconf 68' lang='lat' dir='ltr'>eid</span> <span class='ocrx_word' id='word_1_337' title='bbox 650 2102 716 2134; x_wconf 89' lang='lat' dir='ltr'>quo</span> <span class='ocrx_word' id='word_1_338' title='bbox 738 2081 872 2124; x_wconf 79' lang='lat' dir='ltr'>saxum&#39;</span> <span class='ocrx_word' id='word_1_339' title='bbox 900 2093 931 2119; x_wconf 88' lang='lat' dir='ltr'>et</span> <span class='ocrx_word' id='word_1_340' title='bbox 951 2080 1048 2128; x_wconf 70' lang='lat' dir='ltr'>eergo</span> <span class='ocrx_word' id='word_1_341' title='bbox 1073 2084 1108 2115; x_wconf 88' lang='lat' dir='ltr'>id</span> <span class='ocrx_word' id='word_1_342' title='bbox 1131 2083 1268 2115; x_wconf 71' lang='lat' dir='ltr'>factum¹</span> <span class='ocrx_word' id='word_1_343' title='bbox 1298 2080 1404 2121; x_wconf 81' lang='lat' dir='ltr'>(infra</span> <span class='ocrx_word' id='word_1_344' title='bbox 1426 2079 1483 2117; x_wconf 79' lang='lat'>63,</span> <span class='ocrx_word' id='word_1_345' title='bbox 1511 2078 1568 2120; x_wconf 87' lang='lat'>3);</span> <span class='ocrx_word' id='word_1_346' title='bbox 1596 2089 1658 2110; x_wconf 81' lang='lat' dir='ltr'>nu-</span> 
     </span>
     <span class='ocr_line' id='line_1_34' title="bbox 153 2138 1659 2206; baseline -0.018 -12"><span class='ocrx_word' id='word_1_347' title='bbox 153 2172 214 2206; x_wconf 90' lang='lat' dir='ltr'>per</span> <span class='ocrx_word' id='word_1_348' title='bbox 238 2159 439 2193; x_wconf 86' lang='lat' dir='ltr'>Fleckeisen</span> <span class='ocrx_word' id='word_1_349' title='bbox 465 2156 500 2187; x_wconf 89' lang='lat' dir='ltr'>in</span> <span class='ocrx_word' id='word_1_350' title='bbox 526 2154 619 2186; x_wconf 85' lang='lat' dir='ltr'>idem</span> <span class='ocrx_word' id='word_1_351' title='bbox 645 2150 778 2183; x_wconf 88' lang='lat' dir='ltr'>incidit.</span> <span class='ocrx_word' id='word_1_352' title='bbox 831 2149 945 2189; x_wconf 79' lang='lat' dir='ltr'>imago</span> <span class='ocrx_word' id='word_1_353' title='bbox 975 2154 1061 2186; x_wconf 84' lang='lat' dir='ltr'>quae</span> <span class='ocrx_word' id='word_1_354' title='bbox 1089 2142 1296 2174; x_wconf 85' lang='lat' dir='ltr'>describitur</span> <span class='ocrx_word' id='word_1_355' title='bbox 1321 2150 1340 2171; x_wconf 86' lang='lat' dir='ltr'>a</span> <span class='ocrx_word' id='word_1_356' title='bbox 1365 2145 1467 2182; x_wconf 86' lang='lat' dir='ltr'>poeta</span> <span class='ocrx_word' id='word_1_357' title='bbox 1488 2138 1659 2170; x_wconf 83' lang='lat' dir='ltr'>Fortunae</span> 
     </span>
     <span class='ocr_line' id='line_1_35' title="bbox 152 2189 1658 2265; baseline -0.02 -11"><span class='ocrx_word' id='word_1_358' title='bbox 152 2223 187 2253; x_wconf 91' lang='lat' dir='ltr'>in</span> <span class='ocrx_word' id='word_1_359' title='bbox 212 2219 317 2265; x_wconf 83' lang='lat' dir='ltr'>globo</span> <span class='ocrx_word' id='word_1_360' title='bbox 344 2216 487 2255; x_wconf 83' lang='lat' dir='ltr'>stantis,</span> <span class='ocrx_word' id='word_1_361' title='bbox 515 2212 636 2246; x_wconf 86' lang='lat' dir='ltr'>eadem</span> <span class='ocrx_word' id='word_1_362' title='bbox 659 2216 709 2242; x_wconf 83' lang='lat' dir='ltr'>est</span> <span class='ocrx_word' id='word_1_363' title='bbox 737 2212 818 2250; x_wconf 85' lang='lat' dir='ltr'>aput</span> <span class='ocrx_word' id='word_1_364' title='bbox 846 2205 1028 2242; x_wconf 87' lang='lat' dir='ltr'>Cebetem,</span> <span class='ocrx_word' id='word_1_365' title='bbox 1054 2201 1123 2236; x_wconf 84' lang='lat' dir='ltr'>tab.</span> <span class='ocrx_word' id='word_1_366' title='bbox 1158 2212 1193 2243; x_wconf 88' lang='lat' dir='ltr'>p.</span> <span class='ocrx_word' id='word_1_367' title='bbox 1230 2199 1275 2232; x_wconf 85' lang='grc'>46</span> <span class='ocrx_word' id='word_1_368' title='bbox 1307 2198 1359 2233; x_wconf 68' lang='lat' dir='ltr'>ed.</span> <span class='ocrx_word' id='word_1_369' title='bbox 1391 2197 1464 2229; x_wconf 81' lang='lat' dir='ltr'>Rei.</span> <span class='ocrx_word' id='word_1_370' title='bbox 1498 2189 1522 2238; x_wconf 80' lang='grc' dir='ltr'>ἡ</span> <span class='ocrx_word' id='word_1_371' title='bbox 1554 2189 1658 2238; x_wconf 82' lang='grc' dir='ltr'><em>Τύχη</em></span> 
     </span>
     <span class='ocr_line' id='line_1_36' title="bbox 153 2248 1659 2321; baseline -0.021 -8"><span class='ocrx_word' id='word_1_372' title='bbox 153 2273 280 2321; x_wconf 70' lang='grc' dir='ltr'><strong><em>ὥσπερ</em></strong></span> <span class='ocrx_word' id='word_1_373' title='bbox 306 2270 402 2320; x_wconf 79' lang='grc' dir='ltr'><em>γυνὴ</em></span> <span class='ocrx_word' id='word_1_374' title='bbox 429 2266 554 2315; x_wconf 80' lang='grc' dir='ltr'><strong><em>τυφλὴ</em></strong></span> <span class='ocrx_word' id='word_1_375' title='bbox 589 2262 801 2312; x_wconf 82' lang='grc' dir='ltr'><em>μαινομένη</em></span> <span class='ocrx_word' id='word_1_376' title='bbox 832 2257 1014 2305; x_wconf 76' lang='grc' dir='ltr'>ἑστηκυῖα</span> <span class='ocrx_word' id='word_1_377' title='bbox 1043 2253 1106 2292; x_wconf 79' lang='grc' dir='ltr'>ἐπὶ</span> <span class='ocrx_word' id='word_1_378' title='bbox 1138 2256 1254 2290; x_wconf 78' lang='grc' dir='ltr'><em>λίθου</em></span> <span class='ocrx_word' id='word_1_379' title='bbox 1288 2250 1393 2294; x_wconf 86' lang='grc' dir='ltr'><em>τινὸς</em></span> <span class='ocrx_word' id='word_1_380' title='bbox 1427 2248 1659 2297; x_wconf 74' lang='grc' dir='ltr'><strong><em>στρογγύλου</em></strong></span> 
     </span>
     <span class='ocr_line' id='line_1_37' title="bbox 154 2317 1172 2379; baseline -0.025 -6"><span class='ocrx_word' id='word_1_381' title='bbox 154 2336 219 2373; x_wconf 83' lang='grc' dir='ltr'>καὶ</span> <span class='ocrx_word' id='word_1_382' title='bbox 244 2332 368 2379; x_wconf 75' lang='grc' dir='ltr'><em>κῶφη.</em></span> <span class='ocrx_word' id='word_1_383' title='bbox 411 2333 500 2366; x_wconf 83' lang='lat' dir='ltr'>adde</span> <span class='ocrx_word' id='word_1_384' title='bbox 527 2329 628 2363; x_wconf 80' lang='lat' dir='ltr'>Ovid.</span> <span class='ocrx_word' id='word_1_385' title='bbox 656 2328 745 2370; x_wconf 92' lang='lat' dir='ltr'>Epp.</span> <span class='ocrx_word' id='word_1_386' title='bbox 775 2335 818 2357; x_wconf 85' lang='lat' dir='ltr'>ex</span> <span class='ocrx_word' id='word_1_387' title='bbox 841 2324 938 2356; x_wconf 87' lang='lat' dir='ltr'>Pout.</span> <span class='ocrx_word' id='word_1_388' title='bbox 968 2320 1025 2362; x_wconf 86' lang='lat' dir='ltr'>IV,</span> <span class='ocrx_word' id='word_1_389' title='bbox 1054 2319 1087 2358; x_wconf 85' lang='lat'>3,</span> <span class='ocrx_word' id='word_1_390' title='bbox 1114 2317 1172 2351; x_wconf 85' lang='lat'>31.</span> 
     </span>
    </p>

    <p class='ocr_par' dir='ltr' id='par_1_7' title="bbox 158 2370 1686 2906">
     <span class='ocr_line' id='line_1_38' title="bbox 249 2370 1661 2436; baseline -0.021 -5"><span class='ocrx_word' id='word_1_391' title='bbox 249 2398 307 2436; x_wconf 78' lang='grc'>62,</span> <span class='ocrx_word' id='word_1_392' title='bbox 335 2401 362 2427; x_wconf 89' lang='grc'>1.</span> <span class='ocrx_word' id='word_1_393' title='bbox 389 2400 528 2425; x_wconf 85' lang='lat' dir='ltr'>versum</span> <span class='ocrx_word' id='word_1_394' title='bbox 551 2386 728 2424; x_wconf 85' lang='lat' dir='ltr'>Ribbeck,</span> <span class='ocrx_word' id='word_1_395' title='bbox 756 2383 874 2416; x_wconf 87' lang='lat' dir='ltr'>nescio</span> <span class='ocrx_word' id='word_1_396' title='bbox 902 2390 968 2422; x_wconf 90' lang='lat' dir='ltr'>qua</span> <span class='ocrx_word' id='word_1_397' title='bbox 993 2379 1036 2411; x_wconf 86' lang='lat' dir='ltr'>de</span> <span class='ocrx_word' id='word_1_398' title='bbox 1062 2386 1185 2415; x_wconf 85' lang='lat' dir='ltr'>eausa,</span> <span class='ocrx_word' id='word_1_399' title='bbox 1222 2375 1379 2419; x_wconf 85' lang='lat' dir='ltr'>spurium</span> <span class='ocrx_word' id='word_1_400' title='bbox 1405 2378 1539 2406; x_wconf 84' lang='lat' dir='ltr'>censet:</span> <span class='ocrx_word' id='word_1_401' title='bbox 1567 2370 1661 2404; x_wconf 86' lang='lat' dir='ltr'>dedit</span> 
     </span>
     <span class='ocr_line' id='line_1_39' title="bbox 158 2427 1663 2492; baseline -0.02 -1"><span class='ocrx_word' id='word_1_402' title='bbox 158 2464 273 2491; x_wconf 86' lang='lat' dir='ltr'>autem</span> <span class='ocrx_word' id='word_1_403' title='bbox 298 2463 366 2486; x_wconf 88' lang='lat' dir='ltr'>non</span> <span class='ocrx_word' id='word_1_404' title='bbox 391 2461 435 2484; x_wconf 80' lang='lat' dir='ltr'>ex</span> <span class='ocrx_word' id='word_1_405' title='bbox 459 2448 609 2492; x_wconf 89' lang='lat' dir='ltr'>optumis</span> <span class='ocrx_word' id='word_1_406' title='bbox 635 2445 734 2477; x_wconf 89' lang='lat' dir='ltr'>libris</span> <span class='ocrx_word' id='word_1_407' title='bbox 754 2436 850 2483; x_wconf 67' lang='lat' dir='ltr'>‘quia</span> <span class='ocrx_word' id='word_1_408' title='bbox 879 2450 945 2481; x_wconf 90' lang='lat' dir='ltr'>quo</span> <span class='ocrx_word' id='word_1_409' title='bbox 972 2438 1008 2470; x_wconf 84' lang='lat' dir='ltr'>id</span> <span class='ocrx_word' id='word_1_410' title='bbox 1035 2427 1180 2468; x_wconf 83' lang='lat' dir='ltr'>saxum&#39;.</span> <span class='ocrx_word' id='word_1_411' title='bbox 1243 2440 1273 2465; x_wconf 83' lang='grc'>2.</span> <span class='ocrx_word' id='word_1_412' title='bbox 1300 2434 1457 2465; x_wconf 86' lang='lat' dir='ltr'>iterant</span> <span class='ocrx_word' id='word_1_413' title='bbox 1485 2431 1534 2463; x_wconf 90' lang='lat' dir='ltr'>Fl.</span> <span class='ocrx_word' id='word_1_414' title='bbox 1560 2440 1663 2462; x_wconf 90' lang='lat' dir='ltr'>usum</span> 
     </span>
     <span class='ocr_line' id='line_1_40' title="bbox 159 2488 1662 2550; baseline -0.02 -1"><span class='ocrx_word' id='word_1_415' title='bbox 159 2517 254 2550; x_wconf 88' lang='lat' dir='ltr'>verbi</span> <span class='ocrx_word' id='word_1_416' title='bbox 281 2513 430 2545; x_wconf 87' lang='lat' dir='ltr'>illustrat</span> <span class='ocrx_word' id='word_1_417' title='bbox 466 2517 509 2539; x_wconf 84' lang='lat' dir='ltr'>ex</span> <span class='ocrx_word' id='word_1_418' title='bbox 533 2505 643 2538; x_wconf 83' lang='lat' dir='ltr'>Plaut.</span> <span class='ocrx_word' id='word_1_419' title='bbox 673 2503 769 2536; x_wconf 87' lang='lat' dir='ltr'>Trin.</span> <span class='ocrx_word' id='word_1_420' title='bbox 796 2498 878 2532; x_wconf 76' lang='lat'><strong>832.</strong></span> <span class='ocrx_word' id='word_1_421' title='bbox 905 2515 953 2520; x_wconf 87' lang='lat'><em>-</em></span> <span class='ocrx_word' id='word_1_422' title='bbox 984 2506 1062 2537; x_wconf 89' lang='lat' dir='ltr'>quo</span> <span class='ocrx_word' id='word_1_423' title='bbox 1094 2504 1191 2527; x_wconf 85' lang='lat' dir='ltr'>sese</span> <span class='ocrx_word' id='word_1_424' title='bbox 1225 2492 1425 2535; x_wconf 83' lang='lat' dir='ltr'>adplicet</span> <span class='ocrx_word' id='word_1_425' title='bbox 1457 2490 1491 2522; x_wconf 86' lang='lat' dir='ltr'><strong>h.</strong></span> <span class='ocrx_word' id='word_1_426' title='bbox 1526 2500 1556 2521; x_wconf 91' lang='lat' dir='ltr'>e.</span> <span class='ocrx_word' id='word_1_427' title='bbox 1587 2488 1662 2520; x_wconf 90' lang='lat' dir='ltr'>nul-</span> 
     </span>
     <span class='ocr_line' id='line_1_41' title="bbox 159 2542 1664 2613; baseline -0.021 -4"><span class='ocrx_word' id='word_1_428' title='bbox 159 2577 230 2609; x_wconf 88' lang='lat' dir='ltr'>lam</span> <span class='ocrx_word' id='word_1_429' title='bbox 255 2571 409 2613; x_wconf 88' lang='lat' dir='ltr'>sequitur</span> <span class='ocrx_word' id='word_1_430' title='bbox 433 2566 613 2598; x_wconf 83' lang='lat' dir='ltr'>rationem.</span> <span class='ocrx_word' id='word_1_431' title='bbox 712 2566 740 2594; x_wconf 80' lang='grc'>6.</span> <span class='ocrx_word' id='word_1_432' title='bbox 776 2559 828 2594; x_wconf 88' lang='lat' dir='ltr'>Fl.</span> <span class='ocrx_word' id='word_1_433' title='bbox 844 2582 846 2585; x_wconf 86' lang='lat'><strong>.</strong></span> <span class='ocrx_word' id='word_1_434' title='bbox 865 2558 950 2589; x_wconf 88' lang='lat' dir='ltr'>bene</span> <span class='ocrx_word' id='word_1_435' title='bbox 983 2554 1162 2598; x_wconf 85' lang='lat' dir='ltr'>probavit,</span> <span class='ocrx_word' id='word_1_436' title='bbox 1197 2551 1326 2593; x_wconf 88' lang='lat' dir='ltr'>requiri</span> <span class='ocrx_word' id='word_1_437' title='bbox 1352 2542 1555 2581; x_wconf 73' lang='grc' dir='ltr'><em>ἀντίθεσιν</em></span> <span class='ocrx_word' id='word_1_438' title='bbox 1580 2547 1664 2579; x_wconf 87' lang='lat' dir='ltr'>For-</span> 
     </span>
     <span class='ocr_line' id='line_1_42' title="bbox 160 2601 1686 2667; baseline -0.02 -1"><span class='ocrx_word' id='word_1_439' title='bbox 160 2642 264 2667; x_wconf 83' lang='lat' dir='ltr'>tunae</span> <span class='ocrx_word' id='word_1_440' title='bbox 289 2635 320 2662; x_wconf 84' lang='lat' dir='ltr'>et</span> <span class='ocrx_word' id='word_1_441' title='bbox 346 2624 566 2665; x_wconf 84' lang='lat' dir='ltr'>temeritatis,</span> <span class='ocrx_word' id='word_1_442' title='bbox 592 2620 697 2664; x_wconf 83' lang='lat' dir='ltr'>igitur</span> <span class='ocrx_word' id='word_1_443' title='bbox 722 2628 790 2650; x_wconf 89' lang='lat' dir='ltr'>non</span> <span class='ocrx_word' id='word_1_444' title='bbox 815 2617 885 2659; x_wconf 83' lang='lat' dir='ltr'>legi</span> <span class='ocrx_word' id='word_1_445' title='bbox 910 2624 1035 2658; x_wconf 85' lang='lat' dir='ltr'>posse,</span> <span class='ocrx_word' id='word_1_446' title='bbox 1070 2612 1162 2654; x_wconf 81' lang='lat' dir='ltr'>quod</span> <span class='ocrx_word' id='word_1_447' title='bbox 1190 2609 1296 2643; x_wconf 81' lang='lat' dir='ltr'>Orelli</span> <span class='ocrx_word' id='word_1_448' title='bbox 1323 2608 1546 2652; x_wconf 88' lang='lat' dir='ltr'>opinabatur,</span> <span class='ocrx_word' id='word_1_449' title='bbox 1567 2601 1686 2638; x_wconf 46' lang='lat' dir='ltr'>‘Fors</span> 
     </span>
     <span class='ocr_line' id='line_1_43' title="bbox 161 2664 1667 2731; baseline -0.02 -6"><span class='ocrx_word' id='word_1_450' title='bbox 161 2701 243 2727; x_wconf 86' lang='lat' dir='ltr'>tuna</span> <span class='ocrx_word' id='word_1_451' title='bbox 266 2692 393 2731; x_wconf 83' lang='lat' dir='ltr'>negant</span> <span class='ocrx_word' id='word_1_452' title='bbox 418 2682 594 2716; x_wconf 85' lang='lat' dir='ltr'>miseriam</span> <span class='ocrx_word' id='word_1_453' title='bbox 621 2689 699 2712; x_wconf 88' lang='lat' dir='ltr'>esse</span> <span class='ocrx_word' id='word_1_454' title='bbox 725 2668 855 2715; x_wconf 62' lang='lat' dir='ltr'>ullans,</span> <span class='ocrx_word' id='word_1_455' title='bbox 885 2674 990 2715; x_wconf 90' lang='lat' dir='ltr'>idque</span> <span class='ocrx_word' id='word_1_456' title='bbox 1028 2671 1083 2704; x_wconf 81' lang='lat' dir='ltr'>vel</span> <span class='ocrx_word' id='word_1_457' title='bbox 1117 2675 1313 2714; x_wconf 83' lang='lat' dir='ltr'>propterea,</span> <span class='ocrx_word' id='word_1_458' title='bbox 1341 2667 1435 2709; x_wconf 84' lang='lat' dir='ltr'>quod</span> <span class='ocrx_word' id='word_1_459' title='bbox 1462 2676 1528 2698; x_wconf 90' lang='lat' dir='ltr'>non</span> <span class='ocrx_word' id='word_1_460' title='bbox 1554 2664 1667 2697; x_wconf 86' lang='lat' dir='ltr'>solum</span> 
     </span>
     <span class='ocr_line' id='line_1_44' title="bbox 162 2722 1669 2788; baseline -0.021 -4"><span class='ocrx_word' id='word_1_461' title='bbox 162 2753 303 2788; x_wconf 89' lang='lat' dir='ltr'>misera,</span> <span class='ocrx_word' id='word_1_462' title='bbox 329 2751 380 2779; x_wconf 85' lang='lat' dir='ltr'>set</span> <span class='ocrx_word' id='word_1_463' title='bbox 414 2744 517 2776; x_wconf 78' lang='lat' dir='ltr'>etiam</span> <span class='ocrx_word' id='word_1_464' title='bbox 542 2741 631 2772; x_wconf 88' lang='lat' dir='ltr'>laeta</span> <span class='ocrx_word' id='word_1_465' title='bbox 664 2737 709 2770; x_wconf 87' lang='lat' dir='ltr'>ad</span> <span class='ocrx_word' id='word_1_466' title='bbox 738 2737 923 2769; x_wconf 85' lang='lat' dir='ltr'>Fortunam</span> <span class='ocrx_word' id='word_1_467' title='bbox 959 2731 1207 2764; x_wconf 83' lang='lat' dir='ltr'>referebantur.</span> <span class='ocrx_word' id='word_1_468' title='bbox 1267 2736 1389 2760; x_wconf 87' lang='lat' dir='ltr'>versus</span> <span class='ocrx_word' id='word_1_469' title='bbox 1421 2730 1510 2757; x_wconf 89' lang='lat' dir='ltr'>certo</span> <span class='ocrx_word' id='word_1_470' title='bbox 1536 2722 1669 2755; x_wconf 89' lang='lat' dir='ltr'>restitui</span> 
     </span>
     <span class='ocr_line' id='line_1_45' title="bbox 165 2781 1668 2850; baseline -0.021 -9"><span class='ocrx_word' id='word_1_471' title='bbox 165 2808 302 2850; x_wconf 88' lang='lat' dir='ltr'>nequit,</span> <span class='ocrx_word' id='word_1_472' title='bbox 335 2809 369 2836; x_wconf 82' lang='lat' dir='ltr'>at</span> <span class='ocrx_word' id='word_1_473' title='bbox 401 2811 504 2844; x_wconf 89' lang='lat' dir='ltr'>quom</span> <span class='ocrx_word' id='word_1_474' title='bbox 523 2791 599 2831; x_wconf 80' lang='lat' dir='ltr'>‘set&#39;</span> <span class='ocrx_word' id='word_1_475' title='bbox 627 2803 659 2829; x_wconf 88' lang='lat' dir='ltr'>et</span> <span class='ocrx_word' id='word_1_476' title='bbox 679 2792 749 2827; x_wconf 74' lang='lat' dir='ltr'>‘res</span> <span class='ocrx_word' id='word_1_477' title='bbox 782 2789 866 2836; x_wconf 82' lang='lat' dir='ltr'>regi’</span> <span class='ocrx_word' id='word_1_478' title='bbox 892 2794 925 2824; x_wconf 88' lang='lat' dir='ltr'>in</span> <span class='ocrx_word' id='word_1_479' title='bbox 952 2788 1271 2834; x_wconf 82' lang='lat' dir='ltr'>praestantissumis</span> <span class='ocrx_word' id='word_1_480' title='bbox 1298 2785 1396 2817; x_wconf 87' lang='lat' dir='ltr'>libris</span> <span class='ocrx_word' id='word_1_481' title='bbox 1429 2792 1496 2814; x_wconf 89' lang='lat' dir='ltr'>non</span> <span class='ocrx_word' id='word_1_482' title='bbox 1522 2781 1668 2822; x_wconf 87' lang='lat' dir='ltr'>legatur,</span> 
     </span>
     <span class='ocr_line' id='line_1_46' title="bbox 168 2843 1672 2906; baseline -0.024 -4"><span class='ocrx_word' id='word_1_483' title='bbox 168 2879 212 2902; x_wconf 77' lang='lat' dir='ltr'>ex</span> <span class='ocrx_word' id='word_1_484' title='bbox 234 2863 394 2906; x_wconf 84' lang='lat' dir='ltr'>vestigiis</span> <span class='ocrx_word' id='word_1_485' title='bbox 416 2858 518 2892; x_wconf 81' lang='lat' dir='ltr'>codd,</span> <span class='ocrx_word' id='word_1_486' title='bbox 545 2856 616 2888; x_wconf 76' lang='lat' dir='ltr'>hue</span> <span class='ocrx_word' id='word_1_487' title='bbox 643 2853 809 2886; x_wconf 77' lang='lat' dir='ltr'>conficere</span> <span class='ocrx_word' id='word_1_488' title='bbox 835 2855 977 2883; x_wconf 82' lang='lat' dir='ltr'>conatus</span> <span class='ocrx_word' id='word_1_489' title='bbox 1005 2859 1101 2886; x_wconf 88' lang='lat' dir='ltr'>sum,</span> <span class='ocrx_word' id='word_1_490' title='bbox 1134 2846 1227 2887; x_wconf 89' lang='lat' dir='ltr'>quod</span> <span class='ocrx_word' id='word_1_491' title='bbox 1258 2843 1375 2876; x_wconf 88' lang='lat' dir='ltr'>sensui</span> <span class='ocrx_word' id='word_1_492' title='bbox 1409 2846 1441 2872; x_wconf 87' lang='lat' dir='ltr'>et</span> <span class='ocrx_word' id='word_1_493' title='bbox 1471 2843 1578 2870; x_wconf 82' lang='lat' dir='ltr'>metro</span> <span class='ocrx_word' id='word_1_494' title='bbox 1604 2845 1672 2868; x_wconf 85' lang='lat' dir='ltr'>nou</span> 
     </span>
    </p>
   </div>
   <div class='ocr_carea' id='block_1_5' title="bbox 172 2893 1673 2987">
    <p class='ocr_par' dir='ltr' id='par_1_8' title="bbox 172 2893 1673 2987">
     <span class='ocr_line' id='line_1_47' title="bbox 172 2893 1673 2967; baseline -0.026 -3"><span class='ocrx_word' id='word_1_495' title='bbox 172 2929 424 2963; x_wconf 77' lang='lat' dir='ltr'>adversaretur.</span> <span class='ocrx_word' id='word_1_496' title='bbox 476 2917 521 2949; x_wconf 85' lang='lat' dir='ltr'>ad</span> <span class='ocrx_word' id='word_1_497' title='bbox 557 2924 696 2948; x_wconf 84' lang='lat' dir='ltr'>sensum</span> <span class='ocrx_word' id='word_1_498' title='bbox 732 2919 845 2946; x_wconf 86' lang='lat' dir='ltr'>autem</span> <span class='ocrx_word' id='word_1_499' title='bbox 885 2909 931 2942; x_wconf 83' lang='lat' dir='ltr'>cf.</span> <span class='ocrx_word' id='word_1_500' title='bbox 958 2909 1040 2941; x_wconf 83' lang='lat' dir='ltr'>Tac.</span> <span class='ocrx_word' id='word_1_501' title='bbox 1081 2908 1171 2938; x_wconf 86' lang='lat' dir='ltr'>Anu.</span> <span class='ocrx_word' id='word_1_502' title='bbox 1212 2903 1278 2938; x_wconf 83' lang='lat' dir='ltr'>Vl,</span> <span class='ocrx_word' id='word_1_503' title='bbox 1314 2901 1355 2933; x_wconf 77' lang='lat'>21</span> <span class='ocrx_word' id='word_1_504' title='bbox 1372 2893 1481 2967; x_wconf 48' lang='lat' dir='ltr'>Lmihi</span> <span class='ocrx_word' id='word_1_505' title='bbox 1518 2897 1603 2928; x_wconf 84' lang='lat' dir='ltr'>haee</span> <span class='ocrx_word' id='word_1_506' title='bbox 1641 2899 1673 2925; x_wconf 86' lang='lat' dir='ltr'>et</span> 
     </span>
     <span class='ocr_line' id='line_1_48' title="bbox 1314 2951 1359 2987; baseline -0.022 0"><span class='ocrx_word' id='word_1_507' title='bbox 1314 2951 1359 2987; x_wconf 92' lang='lat'>17</span> 
     </span>
    </p>
   </div>
  </div>
 </body>
</html>
