1971 3198
567 471 775 533 INBEx
831 470 1154 533 GMHGUM.
1194 471 1280 530 (C.)

288 609 434 654 Prima
470 609 634 654 familia
672 610 754 668 (l)·
1010 634 1044 668 4.
1079 628 1321 676 Gryphianus
1354 634 1373 667 l
1455 656 1462 663 .
1527 656 1535 663 .
1599 656 1605 663 .
1643 627 1712 675 91³¹

200 705 232 738 1.
264 701 457 736 Parisinus
491 704 584 739 7714
644 729 652 736 .
715 727 722 734 .
784 728 791 735 .
877 712 904 746 p
1009 702 1043 735 5.
1078 695 1318 742 Gryphianus
1349 699 1371 732 2
1454 722 1460 729 .
1526 722 1531 728 .
1596 723 1602 729 .
1641 694 1711 742 9⁷⁴²

197 769 233 802 2.
265 766 457 801 Parisinus
488 768 580 804 7231
642 791 651 800 .
712 791 720 799 .
783 792 790 799 .
875 777 905 801 π
1011 767 1043 802 6.
1074 762 1330 799 Ersordiensis
1386 789 1393 796 .
1457 790 1463 796 .
1528 789 1535 796 .
1598 790 1602 795 .
1697 772 1715 796 c

195 835 230 870 3.
260 832 567 879 Herbipolitanus
640 859 648 867 .
711 859 719 867 .
783 861 789 867 .
878 823 902 857 h
1007 834 1041 869 7.
1074 829 1314 866 Cauchianus
1384 856 1391 863 .
1456 856 1462 863 .
1527 858 1532 864 .
1595 854 1604 862 .
1690 829 1715 863 lc

232 999 267 1042 1)
290 1001 406 1034 multis
444 1002 528 1034 locis
566 1001 677 1033 denuo
711 1002 886 1042 inspectus
913 1004 963 1031 est
987 999 1028 1030 ab
1063 998 1103 1031 E.
1137 997 1289 1040 Millem,
1325 999 1383 1038 qui
1417 999 1449 1029 in
1479 998 1542 1029 hac
1577 1007 1711 1038 quoque

135 1068 256 1102 opera,
280 1063 316 1090 ut
340 1059 423 1091 olim
449 1061 483 1091 in
508 1059 754 1097 Philostratea,
782 1058 949 1101 singulari
972 1057 1203 1089 benivolentia
1234 1063 1265 1088 et
1291 1057 1447 1089 comitale
1483 1067 1535 1089 nte
1565 1056 1707 1088 adiuvit.

137 1117 247 1150 codex
272 1117 383 1149 fuerat
407 1117 541 1149 Claudii
566 1117 726 1154 Puteani,
759 1126 820 1147 nec
848 1116 984 1158 ignotus
1010 1114 1150 1146 Pithoeo
1176 1119 1207 1145 et
1235 1113 1418 1145 Salmasio.
1515 1107 1519 1111 ’

229 1173 270 1217 2)
290 1175 507 1208 collationem
533 1176 633 1207 huius
658 1174 788 1207 codicis
821 1175 937 1216 accepi
964 1183 983 1204 a
1010 1172 1180 1205 Celestino
1206 1173 1302 1212 Port,
1337 1172 1475 1204 scholae
1508 1171 1709 1215 palaeogra-

136 1233 280 1276 phicae,
304 1244 392 1275 quae
418 1234 515 1267 floret
546 1233 706 1274 Parisiis,
741 1231 821 1263 olim
855 1232 1011 1263 alumno:
1042 1231 1191 1273 primum
1220 1230 1343 1261 librum
1377 1231 1576 1271 speciminis
1606 1241 1710 1261 causa

136 1291 176 1325 Ε,
190 1291 301 1324 Miller
323 1293 542 1325 amicissume
559 1295 828 1333 comparaverat.
848 1289 884 1324 C,
902 1290 990 1320 Port.
1015 1290 1047 1320 in
1074 1288 1140 1320 fine
1157 1288 1361 1320 schedarum
1380 1290 1560 1320 adscribit:
1583 1282 1707 1321 ‘codex

135 1359 201 1381 non
228 1349 432 1382 duodecimo
457 1351 604 1392 scriptus
627 1349 754 1390 secum,
782 1354 817 1379 ut
842 1348 913 1378 vult
939 1348 1114 1389 catalogus
1146 1347 1229 1379 Mss.
1260 1346 1342 1377 bibl.
1370 1357 1444 1388 reg.
1473 1346 1533 1378 sed
1561 1350 1705 1377 exeunte

135 1406 260 1447 secum,
287 1412 324 1439 ut
344 1409 458 1451 potius
482 1408 631 1446 videtur,
658 1399 812 1439 decimo’.
847 1407 959 1436 insunt
985 1411 1161 1447 praeterea
1193 1405 1242 1436 Fl.
1270 1405 1407 1446 'Vegetii
1440 1404 1608 1446 epitoma,
1642 1403 1706 1434 Iul.

139 1464 289 1503 Solinus,
318 1465 388 1497 Cic.
416 1466 636 1503 Partitiones‚
671 1464 700 1496 J.
732 1463 959 1497 Severianus.
997 1468 1158 1505 excerpta
1195 1461 1361 1503 quaedam
1394 1471 1436 1493 ex
1469 1461 1608 1499 Quintil.
1642 1461 1701 1494 lib.

134 1522 177 1559 X,
203 1522 269 1554 XII
294 1522 373 1565 (fol.
396 1524 441 1556 60
466 1522 538 1565 sq.)
567 1523 779 1565 Augustinus
805 1522 847 1553 de
872 1523 1020 1559 musica,
1049 1522 1093 1552 al.
1129 1522 1275 1562 scriptor
1309 1519 1463 1562 Catalogi
1490 1520 1522 1551 in
1554 1530 1592 1551 eo
1621 1530 1705 1559 quo-

133 1591 198 1622 que
233 1586 321 1612 errat
352 1581 589 1620 vehementer,
618 1581 708 1622 quod
736 1582 782 1611 ait
807 1584 967 1621 excerpta
992 1584 1122 1610 tantum
1149 1589 1223 1610 esse
1256 1580 1288 1610 in
1323 1589 1383 1610 sex
1417 1578 1522 1609 libros
1553 1578 1702 1619 digesta:

133 1639 291 1671 nimirum
315 1638 400 1671 folia
425 1649 538 1671 errore
563 1639 755 1681 bibliopegi
780 1637 922 1670 confusa
948 1637 1121 1669 hominem
1145 1637 1362 1679 deceperunt.

223 1698 260 1738 3)
283 1697 576 1740 Herbipolitanum
606 1698 755 1730 excussit
785 1695 819 1730 C.
849 1695 948 1727 Halm
973 1707 1006 1730 v,
1035 1696 1078 1727 cl.
1107 1695 1149 1727 cf.
1181 1695 1344 1726 Analecta
1370 1694 1527 1724 Tulliana
1554 1692 1638 1725 fasc.
1670 1693 1700 1731 l,

132 1754 288 1789 Monach.
320 1754 420 1789 1852.
451 1765 536 1796 quos
559 1756 592 1786 in
616 1755 728 1789 Praes,
760 1757 789 1787 V
817 1755 953 1787 exhibet
981 1754 1096 1786 titulos
1127 1754 1386 1785 exornationum
1421 1759 1455 1783 ut
1483 1745 1702 1783 ‘exclamatio

129 1814 265 1855 gravis,
298 1814 518 1856 interrogatio
552 1814 754 1854 mediocris,
794 1813 1025 1846 adnominatio
1057 1806 1208 1843 humilis'
1248 1811 1282 1842 in
1314 1810 1488 1852 plerisque
1523 1810 1702 1842 meliorum

132 1872 165 1903 sa
194 1871 338 1903 filiarum
360 1871 460 1904 codd.
485 1873 716 1913 reperiuntur,
742 1878 900 1914 suntque,
928 1873 1061 1915 opinor,
1086 1872 1127 1903 ab
1155 1872 1270 1912 aliquo
1297 1871 1461 1912 magistro
1485 1870 1612 1908 additi,
1644 1872 1701 1911 qui

94 1929 101 1936 '
129 1929 285 1972 singulas
314 1930 554 1962 exornationes
587 1931 620 1961 in
654 1936 721 1963 tres
751 1931 878 1974 figuras
915 1930 980 1972 (cf.
1024 1929 1101 1968 133,
1139 1930 1200 1971 17)
1230 1929 1434 1960 distribuere
1460 1929 1570 1960 inutili
1597 1940 1700 1971 opera

129 1992 270 2020 conatus
297 1993 359 2022 est.
395 1994 534 2020 externa
560 1988 688 2020 codicis
717 1988 827 2021 forma
860 1989 1063 2021 describitur
1095 1988 1136 2019 ab
1170 1987 1320 2030 Oeggio,
1348 1986 1607 2029 Chorographie
1632 1997 1699 2018 von

128 2045 327 2088 Wiirzburg
351 2046 376 2086 Ι,
402 2047 483 2083 544,
510 2046 600 2077 unde
626 2047 705 2078 vitle
731 2047 837 2088 petita
858 2057 913 2089 ap.
942 2047 1053 2080 Halm.
1083 2046 1105 2076 l.
1136 2056 1164 2077 c.
1192 2057 1225 2089 p.
1255 2047 1312 2079 IV.

221 2105 242 2137 4
265 2110 297 2136 et
322 2103 362 2146 5)
388 2104 484 2136 Bruti
510 2104 631 2137 horum
656 2105 819 2137 librorum
842 2105 978 2137 collatio
1006 2105 1139 2136 adiecta
1172 2109 1223 2136 est
1254 2104 1307 2134 etl.
1336 2103 1580 2146 Lugdunensi,
1609 2116 1696 2146 quae

130 2162 220 2194 1570
244 2167 324 2204 aput
350 2165 430 2194 Ant.
455 2162 644 2205 Gryphium
668 2163 807 2205 prodiit.

221 2220 257 2261 6)
295 2220 525 2253 Erfordiensis
564 2231 651 2253 nunc
688 2221 919 2253 Beroliuensis
953 2220 1028 2251 eod.
1069 2231 1089 2251 a
1124 2221 1238 2252 nescio
1276 2230 1341 2260 quo
1371 2220 1412 2253 V.
1446 2220 1487 2253 D.
1529 2220 1561 2251 in
1594 2220 1697 2253 Grae-

126 2277 174 2308 vii
199 2287 299 2309 usum
325 2283 375 2309 est
401 2278 556 2319 collatus,
580 2280 776 2311 varietatem
801 2279 954 2310 lectionis
981 2279 1059 2310 inde
1082 2283 1251 2310 enotatam
1273 2278 1466 2309 invenimus
1487 2279 1519 2309 in
1541 2280 1694 2322 margine

127 2335 334 2378 exemplaris
367 2336 421 2368 ed.
453 2336 610 2368 Wechel.
645 2337 801 2371 Francos,
839 2336 946 2374 1590,
982 2337 1073 2377 quod
1105 2342 1300 2368 asservatur
1333 2337 1366 2367 in
1399 2335 1606 2368 bibliotheca
1637 2348 1696 2369 110-

125 2398 249 2430 strate;
274 2393 354 2425 hinc
371 2393 523 2426 codicem
538 2395 742 2436 iampridem
764 2405 924 2426 noveram
940 2394 1113 2435 aliquanto
1142 2394 1266 2427 melius
1289 2405 1389 2435 quam
1415 2406 1457 2426 ex
1476 2394 1614 2427 Graevii
1634 2406 1693 2427 no-

126 2452 169 2482 tis
202 2449 263 2492 (cf.
299 2451 351 2483 ed.
388 2451 838 2485 Graevio-Burmannianam
872 2453 980 2495 Lugd.
1007 2452 1094 2486 1761
1123 2454 1300 2495 repetitam
1336 2464 1355 2484 a
1388 2454 1424 2487 F.
1459 2454 1693 2487 Liutlcmanno

122 2508 360 2552 Lips.1828).
387 2515 419 2541 at
441 2512 632 2542 accuratius
657 2521 756 2551 quam
784 2511 824 2541 ab
852 2520 1020 2552 anonymo
1048 2511 1106 2543 illo
1133 2512 1348 2543 examinatus
1371 2516 1421 2544 est
1445 2522 1553 2554 nuper
1573 2512 1691 2544 aLud.

124 2566 253 2598 Botzon
277 2567 432 2600 studioso
456 2568 576 2610 philol.
603 2575 743 2611 rogante
770 2569 805 2600 C.
830 2568 979 2611 Halmio,
1009 2571 1065 2611 qui
1090 2580 1152 2612 pro
1178 2580 1238 2601 sua
1265 2571 1370 2601 inme
1397 2570 1547 2601 amicitia
1574 2570 1691 2614 lube&

122 2629 172 2656 ter
194 2625 361 2667 permisit,
384 2631 420 2657 ut
440 2626 578 2659 schedis
600 2627 741 2658 Botzoni
766 2633 889 2661 uterer.

218 2680 258 2723 7)
284 2683 383 2714 etiam
409 2683 510 2716 huius
533 2685 608 2717 cod.
634 2685 796 2718 lectiones
828 2687 1021 2718 invenimus
1055 2689 1087 2718 iu
1117 2686 1307 2719 Graeviana
1339 2686 1568 2725 bibliotheca,
1604 2697 1690 2726 quae

124 2750 320 2772 maxumam
349 2748 479 2784 partem
507 2743 588 2775 olim
621 2745 652 2775 in
691 2744 921 2776 academicam
964 2750 1147 2777 nostratem
1186 2745 1349 2777 translata
1390 2750 1458 2777 est:
1483 2740 1689 2784 ¹*adscriptae

123 2803 200 2829 sunt.
218 2799 370 2843 ¹margini
397 2801 450 2832 ed.
478 2800 720 2833 Cratandrinass
747 2801 847 2834 1528.
870 2803 901 2836 J.
925 2802 1093 2835 Cauchius
1121 2805 1167 2839 (J.
1196 2814 1262 2834 van
1288 2802 1422 2843 Cuyck)
1449 2812 1568 2833 nomen
1590 2811 1686 2832 suum

123 2855 158 2886 in
183 2856 295 2898 capite
322 2856 400 2888 libri
426 2859 542 2900 posuit
566 2860 631 2891 sic:
662 2852 730 2893 eJO.
758 2859 927 2891 Cauchius
956 2863 1033 2893 Ant.
1062 2861 1085 2895 f,
1122 2853 1320 2894 Ultraieeti,'
1344 2865 1473 2890 constat
1499 2869 1575 2889 eum
1596 2867 1686 2887 vom-

122 2918 306 2946 mentatum
334 2925 411 2948 esse
435 2916 469 2947 in
489 2916 661 2952 Ciceronis
685 2917 817 2956 Officia,
844 2919 1033 2952 Ausonium
1061 2926 1089 2951 et
1111 2919 1294 2952 Aemilium
1311 2918 1454 2950 Probum
1473 2923 1501 2947 et
1528 2926 1579 2947 ao.
1600 2915 1686 2947 1515ss

1364 2979 1384 3014 b
1399 2976 1415 2993 *
