1923 3182
829 199 1044 237 NOTAE.
1576 198 1660 240 265

267 309 323 347 74,
350 314 376 343 l.
405 309 447 340 de
478 309 580 341 simili
609 316 638 341 et
666 309 823 352 exemplo
850 311 919 352 agit
942 311 1144 342 Anaximen.
1163 310 1218 349 30,
1242 310 1300 349 15;
1324 311 1380 350 34,
1401 314 1456 346 24.
1486 315 1661 356 exemplo-

173 377 248 398 rum
272 359 376 403 λύσις
403 372 562 399 tractatur
587 368 628 399 ab
656 369 783 410 Apsine
806 367 871 407 IX,
889 368 970 403 521.
998 386 1044 390 ——
1070 379 1137 401 res
1166 369 1359 401 iudicata
1386 387 1425 392 —-
1455 371 1658 414 inproba.

173 424 300 458 Aesch.
328 424 382 465 ΠΙ,
409 423 484 458 193.
512 419 606 466 λέγει
634 418 675 456 δὲ
697 418 716 456 ὁ
743 419 894 466 φεύγων
920 418 991 467 οὐχ
1017 419 1067 462 (ὃς
1094 420 1234 468 ἔννομα
1262 422 1467 469 γέγραφεν,
1499 422 1582 460 ἀλλ’
1609 424 1660 468 ὠς

172 475 249 524 ἤδη
275 476 365 513 ποτὲ
390 479 453 514 καὶ
476 476 662 524 πρότερον
688 477 812 524 ἕτερος
838 480 994 514 τοιαῦτα
1019 477 1171 524 γροὶψας
1197 476 1403 527 ἀπέφυγεν.
1476 493 1519 520 to.
1549 489 1659 528 quod

174 540 421 572 adversarii
448 540 605 573 factum
629 551 727 574 esse
754 540 1072 580 confiteantur,
1100 541 1148 573 de
1175 552 1220 574 eo
1247 546 1545 585 argumentari
1581 547 1658 580 ideo

174 597 240 630 huc
263 598 426 638 refertur,
455 599 547 640 quod
571 598 791 641 amplificatio
823 599 870 631 ibi
898 600 1080 639 omittitur,
1119 600 1178 632 ubi
1205 602 1460 644 expectabatur.
1513 604 1656 647 Longin.

174 656 234 697 IX,
262 657 329 690 555
351 657 414 688 ait:
445 647 537 688 ὅταν
562 649 631 699 γὰρ
658 649 879 700 ἀποδειχθῇ
903 667 939 688 τι
965 656 1120 700 πρᾶγμα
1142 657 1228 701 (scr.
1264 655 1467 702 πραχθέν),
1491 653 1590 694 οὕτω
1615 656 1657 694 τὸ

173 712 327 756 πρᾶγμα
351 705 518 754 αὔξεται.
568 714 636 747 cic.
664 715 736 747 Inv.
760 715 785 754 Ι,
812 714 857 747 92
879 708 1120 758 ‘perspicuom'
1157 716 1320 759 appellat,
1343 711 1399 750 ‘de
1426 729 1490 760 qno
1519 730 1583 752 non
1609 728 1659 753 est

172 773 423 813 controversia,
448 778 483 804 nt
508 773 538 804 si
561 774 655 814 quis,
685 784 786 814 quom
809 773 961 806 Orestem
987 781 1135 814 accuset,
1161 775 1303 818 planum
1327 776 1428 808 faeiat
1454 778 1495 809 ab
1523 789 1561 811 eo
1589 790 1659 811 ma—

171 836 255 863 trem
287 841 363 864 esse
393 824 561 864 occisam'.
612 832 816 864 eontrarium
842 833 960 864 vitium
987 838 1054 872 est,
1082 834 1111 865 si
1137 840 1297 876 augetur,
1327 836 1417 875 quod
1442 837 1591 868 nondum
1618 838 1658 870 li-

172 895 251 930 quet
275 900 350 922 esse
375 888 514 921 factum.
541 888 585 921 cf.
615 888 684 924 Cic.
714 890 800 922 Mur.
827 889 884 924 68.
908 883 1050 923 ‘factum
1072 892 1115 923 sit
1140 901 1258 931 necne,
1284 892 1501 926 vehementer
1526 898 1658 936 quaeri<

171 954 241 980 tur:
273 948 302 980 si
334 947 459 980 fuctum
483 948 546 987 sit,
580 948 661 989 quin
688 954 803 981 contra
831 949 942 992 legem
977 950 1039 989 sit,
1073 950 1228 983 dubitare
1254 962 1352 984 nemo
1380 946 1513 995 potest'.
1612 960 1655 986 1³.

170 1017 276 1048 quae
313 1016 391 1039 non
421 1007 607 1049 primum
638 1006 852 1048 quidque,
900 1008 1194 1048 quoddiotum
1220 1015 1303 1048 est,
1345 1011 1656 1053 conplectitur.

174 1065 208 1096 h.
237 1076 267 1099 e.
303 1075 390 1106 quae
419 1075 485 1098 non
517 1066 630 1108 capita
660 1067 822 1098 orationis
855 1066 1067 1099 tenuioribus
1100 1067 1202 1100 rebus
1236 1069 1373 1101 omissis
1408 1070 1654 1112 complectitur,

171 1123 246 1157 sola
276 1124 540 1166 transpositione
573 1135 669 1156 suam
709 1124 867 1167 scriptori
900 1126 1101 1158 sententiam
1138 1126 1362 1159 reddidimus.
1415 1128 1504 1160 conf.
1535 1130 1592 1167 ΙΙΙ,
1622 1129 1658 1161 l:

164 1175 308 1214 ‘interea
339 1182 451 1224 prima
481 1193 635 1224 quaeque
668 1190 699 1215 et
730 1183 909 1216 nobiscum
944 1194 1045 1225 quom
1079 1184 1173 1217 voles
1210 1192 1241 1217 et
1274 1186 1348 1218 sine
1382 1187 1480 1219 nobis
1516 1188 1659 1231 legendo

173 1236 404 1282 consequere'.

262 1299 318 1338 75,
353 1305 378 1330 l.
422 1309 527 1340 quae
559 1308 637 1330 non
671 1299 865 1331 breviter
903 1299 1196 1332 concluditur.
1249 1294 1445 1344 ‘conplexio
1477 1304 1565 1335 enim
1600 1301 1660 1337 est'

171 1355 237 1398 (cf.
267 1356 336 1390 Cic.
371 1357 443 1391 Inv.
479 1357 505 1395 I,
532 1356 591 1398 67)
613 1350 690 1400 ‘per
723 1367 823 1398 quam
857 1358 910 1396 id,
939 1358 1029 1399 quod
1055 1359 1229 1391 conficitur
1263 1370 1305 1391 cx
1331 1362 1421 1392 omni
1448 1370 1661 1403 argumenta-

168 1414 278 1453 tione,
312 1414 460 1446 breviter
493 1415 686 1457 exponitur.
785 1423 812 1447 7.
847 1416 1085 1449 conclusiones
1117 1418 1220 1449 etiam
1253 1428 1308 1460 ap.
1345 1418 1414 1450 Cic.
1451 1420 1521 1451 Inv.
1559 1422 1584 1458 Ι,
1611 1420 1656 1453 98

168 1472 355 1515 tripertitae
389 1479 485 1512 sunt,
520 1473 643 1505 divisio
690 1473 725 1505 fit
759 1475 791 1505 in
825 1476 1113 1507 enumerationem
1147 1475 1416 1519 indignationem
1444 1481 1657 1519 conquestio-

169 1542 257 1565 nem.
308 1530 373 1564 has
398 1531 483 1564 duas
513 1538 627 1574 partes
658 1542 724 1564 una
756 1532 1019 1575 amplificatione
1045 1534 1282 1576 complectitur
1308 1535 1395 1566 Part.
1423 1536 1478 1568 52.
1515 1538 1653 1570 Aristot.

170 1589 269 1624 Rhet.
296 1589 352 1628 ΙΙΙ,
382 1588 423 1622 19
447 1590 706 1632 amplificationi
732 1596 762 1623 et
789 1592 1035 1624 enumerationi
1064 1592 1158 1624 addit
1191 1587 1232 1624 τὸ
1261 1588 1356 1633 πρὸς
1382 1585 1519 1626 ἑαυτὸν
1546 1605 1657 1626 κατα-

169 1641 349 1680 σκευάσαι
367 1638 410 1679 εὖ
426 1641 492 1679 τὸν
509 1641 702 1690 ἀκροατὴν
726 1645 789 1680 καὶ
815 1643 883 1681 τὸν
910 1642 1086 1681 ἐναντίον
1109 1647 1262 1691 φαύλως
1284 1659 1315 1683 et
1340 1646 1381 1683 τὸ
1408 1646 1571 1694 αὐξῆσαι
1593 1651 1656 1685 καὶ

167 1703 415 1746 ταπεινῶσαι,
450 1707 541 1748 quod
575 1707 608 1738 in
632 1702 780 1749 τέχναις
805 1705 1067 1746 Θεοδεκτειάις
1091 1709 1325 1751 appellaverat
1358 1704 1398 1741 τὸ
1432 1705 1604 1743 ἐπαινεῖν
1635 1707 1659 1754 ἢ

167 1759 316 1806 ψέγειν,
348 1765 475 1797 omissa
507 1765 566 1797 illa
598 1766 706 1798 altera
737 1771 851 1809 parte,
885 1777 970 1808 quae
1002 1768 1116 1809 potius
1150 1769 1315 1810 prooemii
1343 1775 1392 1800 cst
1420 1771 1573 1812 propria,
1610 1772 1653 1802 cs.

169 1823 279 1856 Anon.
306 1822 386 1866 Seg.
417 1825 501 1862 454,
536 1825 593 1864 qui
627 1825 702 1866 ipse
735 1825 907 1857 distribuit
941 1825 1091 1858 officium
1125 1826 1253 1868 epilogi
1287 1821 1339 1863 εἰς
1371 1820 1412 1857 τὸ
1447 1823 1656 1868 πρακτικὸν

169 1876 233 1911 καὶ
258 1875 300 1911 τὸ
328 1876 562 1922 παθητικόν,
593 1879 657 1913 καὶ
688 1881 755 1914 τοῦ
787 1877 856 1924 μὲν
889 1881 1103 1925 πρακτικοῦ
1133 1876 1234 1915 ἔστιν
1270 1878 1290 1926 ἡ
1326 1878 1656 1927 ἀνακεφαλαίωσις

168 1930 242 1969 nef.
291 1944 372 1980 aput
398 1939 556 1971 Anaxim.
586 1940 663 1971 vide
690 1939 745 1979 78,
777 1941 816 1972 17
844 1952 919 1982 sqq.
949 1948 980 1973 et
1006 1941 1063 1982 82,
1088 1941 1110 1974 6
1128 1953 1202 1982 sqq.
1230 1959 1276 1964 —
1324 1954 1352 1976 s.
1382 1943 1420 1974 in
1447 1952 1656 1984 quattuor

169 1997 279 2029 locis
300 2015 346 2019 —
371 1996 663 2029 conclusione.
714 1999 779 2031 ista
808 1998 842 2032 h.
869 1998 891 2029 l.
923 1999 1035 2030 aliena
1060 2005 1155 2038 sunt,
1185 1999 1243 2030 ubi
1269 2000 1310 2031 de
1337 2000 1410 2031 sola
1437 2002 1555 2034 ultima
1581 2013 1655 2036 ora-

167 2055 269 2086 tionis
294 2061 408 2097 parte,
449 2065 513 2087 non
547 2055 588 2087 de
626 2055 870 2088 concludendis
896 2058 1017 2089 eeteris
1044 2057 1198 2100 partibus
1225 2058 1358 2099 agitur;
1392 2058 1560 2093 fluxerunt
1586 2061 1654 2093 for-

166 2118 257 2146 tasse
285 2123 328 2144 ex
354 2113 423 2145 Cic.
440 2113 481 2145 de
504 2123 553 2148 or.
583 2114 624 2152 ΙΙ,
646 2114 713 2147 312
730 2107 858 2155 ‘itaque
885 2115 937 2147 vel
965 2116 1156 2147 narratione
1183 2116 1337 2158 exposita
1363 2127 1466 2159 saepe
1489 2118 1586 2150 datur
1612 2121 1654 2152 ad

165 2171 416 2203 conmovendos
442 2172 573 2204 animos
600 2172 824 2214 degredicndi
854 2172 947 2205 locus
984 2173 1036 2205 vel
1068 2174 1276 2216 argumentis
1304 2175 1427 2206 nostris
1449 2176 1654 2209 confirmatis

167 2228 219 2260 vel
252 2229 429 2261 contrariis
464 2229 619 2261 refutatis
650 2231 702 2262 vel
738 2238 878 2272 utroque
914 2231 986 2264 loco
1031 2231 1083 2263 vel
1119 2232 1275 2265 omnibus
1307 2250 1352 2255 —
1387 2240 1474 2265 reete
1514 2235 1547 2266 id
1582 2236 1653 2267 fieri

166 2280 298 2329 potest'.
397 2293 440 2319 tl.
473 2288 515 2320 de
547 2290 800 2322 enumeratione
841 2290 909 2322 vid.
950 2291 1110 2322 Anaxim.
1145 2291 1202 2328 47,
1234 2291 1278 2322 24
1310 2301 1383 2322 cum
1421 2299 1486 2323 not.
1524 2292 1651 2335 Spe-ng.

165 2344 232 2377 Cic.
261 2346 332 2378 Inv.
362 2347 386 2385 Ι,
412 2345 457 2379 98
486 2339 708 2380 ‘enumeratio
742 2355 792 2381 est
825 2359 885 2390 per
920 2359 1020 2389 quam
1057 2359 1109 2380 res
1134 2366 1180 2370 —
1205 2348 1315 2381 dictae
1341 2367 1386 2371 —-
1411 2351 1652 2383 reminiscendi

165 2413 268 2436 causa
288 2414 390 2436 unum
418 2405 479 2436 sub
506 2412 681 2447 aspectum
707 2400 927 2438 subicinntnr’
955 2407 1042 2441 Part.
1065 2407 1128 2445 59,
1158 2407 1215 2438 nbi
1243 2408 1287 2438 ait
1314 2409 1385 2440 eins
1408 2416 1560 2451 tempora
1585 2410 1651 2442 duo

165 2471 254 2501 esse,
275 2455 321 2493 ‘si
347 2468 404 2494 aut
428 2464 611 2495 memoriae
639 2464 777 2496 diffidas
804 2475 931 2499 eornm.
957 2471 1037 2507 aput
1063 2475 1147 2506 qnos
1173 2476 1256 2508 agas
1275 2483 1321 2488 —
1347 2474 1399 2497 aut
1432 2466 1651 2507 frequentatis

163 2520 384 2551 firmamentis
411 2521 573 2553 orationis
608 2529 639 2553 ct
670 2522 817 2554 breviter
848 2523 1014 2565 expositis
1040 2523 1109 2554 vim
1142 2530 1191 2555 cst
1218 2523 1376 2555 habitura
1412 2535 1513 2556 causa
1545 2527 1649 2557 maio-

164 2569 258 2608 rem'.
299 2576 386 2608 adde
413 2576 526 2615 Quint.
556 2579 615 2618 Vl,
648 2579 676 2619 1,
704 2579 733 2613 1.
775 2580 970 2622 exemplum
997 2581 1259 2613 enumerationis
1283 2592 1357 2613 enm
1381 2582 1649 2615 consortii-‘itione

166 2635 299 2666 iunctae
323 2635 403 2667 vide
436 2635 506 2670 Cic.
537 2637 634 2668 Verr.
667 2638 706 2674 ΙΙ,
735 2638 767 2675 5,
807 2638 953 2671 136—8.
987 2658 1032 2662 —
1082 2646 1123 2672 16.
1147 2639 1265 2671 facta
1296 2650 1337 2671 ex
1371 2640 1454 2672 solis
1481 2641 1531 2673 dl⁴
1563 2649 1648 2672 reu-te

166 2692 309 2724 restituit
342 2692 464 2728 Graev.
499 2694 644 2727 laudatis
679 2696 761 2728 locis
794 2695 862 2729 Cic.
900 2698 990 2729 Brnt.
1025 2697 1081 2735 30,
1109 2701 1165 2732 Or,
1204 2697 1280 2732 172.
1314 2698 1400 2731 (leil.
1441 2698 1562 2731 xx'nt.
1592 2698 1646 2730 21.

163 2750 302 2791 (quibus
331 2751 419 2783 adde
441 2751 510 2784 Cic.
544 2753 586 2785 de
613 2764 661 2785 or.
688 2755 728 2797 ΙΙ,
755 2754 812 2795 36,
841 2756 896 2794 ΙΙΙ,
928 2755 1010 2797 184)
1042 2766 1181 2790 monens
1207 2757 1326 2791 etiam,
1354 2757 1499 2787 Graecos
1529 2756 1646 2787 eadem

163 2808 298 2840 notione
324 2805 586 2852 πεποιημένην
612 2809 713 2851 λέξιν
740 2823 915 2856 usin-pare.

255 2865 310 2904 76,
341 2871 365 2897 1.
399 2868 706 2902 ostendendae
739 2881 804 2902 non
836 2879 905 2903 erat
936 2873 1151 2906 mutandum,
1187 2873 1231 2903 el'.
1262 2872 1316 2906 ΙΙΙ,
1342 2871 1364 2901 li
1395 2869 1470 2911 (86,
1504 2871 1569 2909 10).
1596 2889 1641 2893 —-

160 2930 189 2957 ⁶5.
219 2923 308 2955 idem
342 2924 473 2966 primns
507 2925 598 2957 locus
630 2938 686 2970 ap.
717 2928 788 2962 fic.
820 2935 868 2959 est
909 2930 977 2960 lnv.
1005 2930 1029 2966 l,
1061 2929 1144 2963 101:
1171 2923 1330 2960 ‘sumitur
1359 2929 1399 2959 uli
1431 2928 1641 2961 :uu-toritate.

1668 2870 1712 2901 -18
