1907 3166
268 158 350 200 278
912 159 1124 196 NOTAE.

269 269 427 303 volumus
453 272 632 303 ostendere
657 271 802 309 sactum,
829 263 902 302 ret.’
930 271 992 301 nisi
1021 270 1210 313 scripserit,
1230 270 1321 310 qnod
1341 270 1419 301 Ern.
1443 269 1589 302 coniecit
1606 262 1657 302 ‘at
1680 268 1771 311 quod

270 330 391 366 otiose,
418 322 490 363 ret.’
517 347 563 352 —-
586 330 628 362 dc
653 339 737 362 sono
764 329 965 361 narrationis
991 328 1070 359 ride
1096 327 1210 366 Quint.
1239 327 1300 366 XI,
1328 327 1361 365 3,
1392 327 1470 362 162,

368 387 443 425 100,
473 393 497 419 Ι.
525 387 616 429 quod
641 389 788 425 conieci,
818 386 1037 418 scribendum
1058 397 1134 418 esse
1152 379 1424 417 ‘tremebundam
1445 376 1573 416 vocem’
1595 389 1627 416 et
1646 383 1769 416 deinde

270 439 413 478 ‘vocem’
440 447 662 478 omittendum
688 457 739 478 vs.
767 445 800 480 3.
831 447 897 477 iani
922 445 1070 483 Scltiitz,
1099 450 1133 476 nt
1157 454 1243 476 nune
1274 444 1392 482 video,
1420 444 1510 476 idem
1535 443 1670 482 statuit,
1708 451 1770 473 nec

276 506 411 537 retineri
448 510 557 547 potest
589 505 688 537 lectio
725 505 825 538 codd.
863 505 927 535 nisi
962 503 997 537 h.
1035 503 1056 535 l.
1093 502 1278 534 admodum
1307 501 1528 545 neglegenter
1557 500 1774 533 Cornificium

203 567 247 597 ¹25»
277 564 458 606 scripsisse
488 573 616 598 sumas.
723 569 750 594 2.
790 563 948 594 nimiae
983 562 1018 594 li.
1053 572 1082 596 e.
1111 560 1326 594 abhorrentis
1352 571 1370 592 a
1405 560 1572 603 dignitate
1599 559 1773 591 orationis.

276 633 340 654 non
371 632 456 665 opus
484 623 692 654 correctismc
720 622 851 653 Ernesti
877 615 1061 653 ‘mimicae'
1097 621 1188 652 idem
1224 619 1335 652 falsus
1365 624 1416 651 est
1449 620 1481 651 in
1510 618 1704 651 iudicandis
1730 617 1775 650 le-

277 680 446 712 ctionibus
469 673 603 712 ‘leviter
630 671 864 712 tremebunda'
887 686 917 711 et
940 674 1076 711 ‘leniter
1105 671 1283 721 oportebit’
1318 682 1518 720 permutans
1536 676 1777 709 adverbiorum

278 740 400 771 locum.
447 746 481 771 ut
508 740 598 771 cnim
626 740 788 772 transitus
817 739 911 770 vocis
940 738 1046 776 lenis,
1074 748 1140 770 non
1175 737 1261 769 levis
1295 736 1441 775 dicitur,
1466 736 1513 767 ita
1546 745 1613 768 vox
1645 735 1778 773 leniter,

279 809 344 831 non
369 798 489 830 leviter
516 804 690 838 torquetur
715 798 757 829 ab
779 807 936 829 sermone
969 796 1118 839 simplici
1144 796 1186 828 ad
1214 797 1336 827 iocum.
1441 797 1469 826 3.
1501 793 1612 832 Quint.
1642 800 1778 827 conten-

277 859 402 890 tionem
429 862 547 887 tractat
569 855 628 894 XI,
659 856 692 894 3,
722 854 798 888 163.
828 873 872 878 —
905 862 932 888 6.
964 865 1109 887 vocem
1136 855 1323 896 iungere
1347 858 1398 885 cst
1424 862 1490 885 non
1516 854 1566 884 uti
1590 852 1780 885 intervallis

276 918 308 948 in
336 915 632 957 pronuntiatione,
670 920 705 945 ut
737 920 828 946 arcte
862 913 1108 945 cont-liniantur
1143 912 1363 954 periodorum
1398 911 1562 943 membra.
1682 917 1709 944 S.
1739 914 1781 942 ut

276 975 358 1005 rim
392 972 636 1005 volubilem
674 971 944 1004 vociferatio
979 971 1198 1010 consequi
1235 970 1391 1012 possit.
1445 969 1530 1001 haec-
1564 974 1615 1001 est
1649 969 1781 1008 Quinti-

277 1033 367 1063 liano
395 1030 416 1062 l.
445 1042 475 1065 c,
499 1024 612 1063 ‘forus
638 1022 821 1068 celeritas'‚
850 1031 884 1061 in
911 1039 977 1070 qua
1004 1029 1098 1061 vocis
1125 1027 1315 1070 agilitatem
1341 1027 1471 1059 clamor
1494 1027 1707 1070 aequiparat.

280 1096 321 1124 12.
353 1098 609 1120 consumere
643 1088 919 1131 debebimus.
974 1085 1028 1118 liic
1064 1087 1141 1118 Ern.
1179 1085 1373 1118 andiendus
1406 1085 1469 1118 suit
1501 1085 1703 1118 adscribens
1737 1084 1781 1117 ad

279 1144 354 1180 lect,
392 1147 482 1189 vulg,
513 1139 713 1178 ‘iubcnnn·':
744 1139 818 1177 ‘iut.
854 1157 873 1177 a
904 1145 1080 1188 magistris
1113 1146 1195 1176 artis
1229 1144 1377 1177 dicendi.
1430 1144 1492 1177 sed
1526 1149 1640 1177 noster
1677 1154 1782 1186 supra

280 1205 366 1236 dixit
393 1217 451 1237 eos
480 1215 543 1236 non
571 1206 769 1248 praecipere
797 1205 981 1249 diligenter
1014 1205 1055 1236 de
1088 1204 1189 1237 modo
1223 1204 1485 1247 pronunciandi.
1538 1204 1653 1245 itaque
1686 1202 1781 1235 blan-

280 1264 370 1295 ditur
398 1265 496 1295 le‹·tio
523 1275 584 1296 ms.
612 1265 699 1295 Cort.
724 1257 906 1295 ‘iubemus'
934 1265 998 1295 nisi
1025 1270 1131 1295 totum
1150 1263 1291 1295 verbum
1313 1262 1441 1295 factum
1467 1267 1517 1295 est
1539 1273 1558 1295 e
1579 1255 1780 1295 ‘debemus'.

281 1334 357 1355 nam
385 1324 445 1355 etsi
483 1324 584 1355 etiam
617 1324 770 1366 magistri
804 1324 927 1355 artium
961 1323 1120 1355 dicuntur
1153 1322 1271 1354 iubere
1305 1327 1387 1365 aput
1417 1314 1643 1354 Ciceronem?
1671 1326 1782 1354 tamen

282 1389 414 1421 noster,
449 1382 539 1423 quod
573 1382 804 1421 observarim,
840 1392 1012 1423 nunquam
1048 1381 1111 1413 boc
1147 1381 1251 1413 verbo
1285 1381 1327 1413 de
1352 1381 1394 1412 iis
1420 1372 1546 1413 utitur'.
1599 1380 1778 1412 Ernestum

281 1448 419 1473 secutus
446 1448 495 1472 cst
522 1440 666 1480 Scliiitz,
695 1451 754 1472 nos
778 1441 893 1472 verius
916 1447 1052 1482 tempus
1079 1439 1291 1472 addidimus.
1345 1439 1449 1482 paulo
1472 1445 1572 1472 antea
1590 1438 1691 1471 malis
1717 1438 1783 1481 legi

278 1493 327 1532 ‘in
360 1499 515 1542 singulas
549 1492 648 1534 ex‹·l,'
773 1505 817 1534 13.
857 1499 1229 1531 attenuatissuma
1266 1499 1451 1541 opponitur
1489 1498 1786 1541 depressissumac

281 1559 382 1600 (105,
400 1557 512 1599 3).—
547 1565 590 1590 14.
619 1559 969 1591 ‹·onmutationib
981 1569 1027 1590 ns
1054 1558 1228 1590 crebris
1255 1557 1349 1590 locus
1376 1568 1453 1590 esse
1481 1567 1545 1589 non
1571 1561 1696 1599 potest,
1726 1556 1781 1587 nbi

285 1628 390 1651 sonus
417 1617 608 1659 aequabilis
635 1618 805 1660 poseittu·;
844 1617 947 1659 igitur
982 1617 1085 1648 verba
1116 1615 1264 1647 notanda
1297 1615 1444 1649 fuerunt.
1545 1621 1587 1647 15.
1616 1615 1786 1648 crebris

286 1675 551 1708 intervallis
577 1675 622 1707 cf.
651 1676 718 1707 Cic.
750 1676 843 1707 Brut.
874 1674 956 1707 234.
985 1693 1030 1697 —-
1080 1681 1124 1709 16.
1154 1674 1323 1716 magnis
1359 1673 1783 1709 conmutationibus.

286 1734 399 1772 Quint.
428 1733 487 1772 Xl,
513 1734 545 1771 3,
573 1732 617 1766 63
644 1733 807 1765 describit
838 1733 1010 1765 diversam
1040 1742 1101 1776 pro
1130 1738 1329 1775 argumento
1358 1731 1689 1774 pronuntiationem,
1730 1733 1787 1765 ubi

287 1794 374 1824 iuter
401 1792 469 1823 alisi
494 1792 646 1834 poscitur
674 1793 707 1823 in
735 1792 954 1823 miseratione
974 1784 1081 1823 ‘llexa
1107 1797 1137 1823 et
1164 1785 1299 1824 flebilis'
1324 1791 1568 1833 pronuntiatio,
1597 1791 1630 1821 in
1652 1791 1788 1823 univcr-

287 1861 363 1884 sum
389 1850 642 1893 comparandus
668 1858 715 1882 est
743 1850 863 1883 Senec.
893 1850 1007 1882 Contr.
1037 1861 1088 1893 pr.
1118 1860 1152 1892 p.
1182 1849 1227 1882 65
1253 1850 1306 1881 cd.
1335 1849 1412 1892 Bip.
1442 1849 1499 1881 ubi
1529 1849 1711 1882 Latronem
1739 1851 1789 1882 vi-

288 1915 440 1952 tuperat:
463 1903 664 1949 ‘numquam
692 1909 740 1940 illi
771 1919 850 1940 cura
879 1909 973 1941 vocis
1000 1908 1214 1941 exercendae
1246 1907 1311 1939 fuit
1338 1925 1384 1929 —-
1409 1906 1457 1939 nil
1490 1908 1585 1940 vocis
1609 1918 1715 1942 causa
1739 1908 1790 1941 fa—

288 1977 382 2000 eere:
418 1977 483 1999 non
511 1967 604 1999 illam
631 1978 692 2011 per
724 1967 853 2010 gradus
880 1967 1047 2010 paulatim
1073 1967 1114 1998 ab
1151 1967 1218 1998 imo
1245 1976 1354 2007 usque
1380 1965 1425 1999 ad
1453 1977 1624 1999 summum
1665 1967 1790 2010 perdu-

290 2037 384 2065 cere,
412 2036 478 2058 non
505 2036 622 2058 rursus
649 2037 667 2058 a
698 2037 830 2058 summa
857 2027 1071 2058 contentione
1099 2025 1242 2069 paribus
1269 2025 1458 2058 intervallis
1484 2019 1716 2059 descendere'.

218 2085 262 2116 26
385 2085 462 2123 107,
485 2091 512 2120 4,
542 2087 590 2117 sic
617 2085 792 2128 Sulpicius
820 2085 977 2117 landatur
1000 2095 1019 2116 a
1045 2084 1114 2119 Cic.
1143 2084 1236 2116 Brut.
1258 2083 1343 2117 203:
1367 2077 1499 2128 ‘gestus
1525 2088 1557 2116 et
1581 2089 1694 2117 motus
1717 2094 1790 2118 cor-

295 2144 390 2187 poris
417 2144 462 2175 ita
486 2150 671 2184 venustus,
697 2149 733 2175 ut
750 2150 862 2175 tamen
882 2144 925 2175 ad
948 2142 1070 2186 sorum,
1097 2153 1163 2176 non
1190 2142 1234 2175 ad
1260 2152 1397 2176 scenam
1416 2143 1588 2175 institutus
1608 2137 1790 2176 videretur’

292 2203 431 2235 Cassius
458 2202 607 2235 Severus
633 2213 653 2234 a
677 2202 808 2235 Seneca
832 2201 945 2236 Contr.
975 2202 1034 2240 ΙΙΙ,
1062 2212 1096 2244 p.
1120 2200 1188 2234 396
1214 2201 1268 2234 ed.
1307 2201 1406 2244 Bip„
1439 2201 1498 2233 ubi
1534 2201 1658 2234 dicitur
1683 2202 1791 2236 fuisse

284 2254 549 2304 ‘pronuntiatio,
588 2272 675 2303 quae
708 2261 911 2293 histrionem
946 2267 1064 2304 posset
1101 2261 1311 2303 producere,
1348 2265 1462 2292 tamen
1495 2270 1584 2301 quae
1615 2260 1792 2295 histrionis

291 2326 408 2362 posset
430 2313 551 2352 videri’
576 2319 695 2359 (immo
718 2313 797 2352 ‘non
826 2312 982 2360 tamen').
1035 2324 1258 2363 praeceptum
1284 2317 1458 2351 Cornificii
1482 2318 1572 2351 redit
1595 2329 1651 2363 ap.
1675 2319 1789 2358 Quint,

222 2376 266 2407 27
294 2378 354 2415 XI,
374 2377 407 2417 3,
426 2377 483 2417 89,
505 2377 583 2411 181.
602 2396 644 2402 -
663 2384 707 2411 19.
731 2379 1011 2422 porrectione
1037 2379 1110 2410 iure
1136 2378 1235 2410 Klotz
1262 2377 1427 2417 restituit,
1451 2387 1534 2410 usus
1562 2377 1636 2412 loco
1661 2377 1730 2411 Cic.
1747 2378 1789 2414 N.

291 2437 332 2468 D.
358 2436 400 2474 ΙΙ,
430 2435 497 2468 150
516 2429 718 2479 ‘digitorum
745 2439 835 2469 enim
857 2437 1042 2470 contractio
1070 2436 1182 2469 facilis
1208 2435 1389 2477 facilisque
1414 2429 1606 2480 porrectio'.
1650 2437 1792 2469 Ernesto

291 2494 453 2526 scribenti
473 2487 709 2536 ‘proiectione'
739 2501 770 2527 et
795 2495 863 2530 Cic.
886 2496 980 2530 Brut.
1010 2495 1054 2528 59
1080 2495 1276 2535 adhibenti,
1307 2496 1365 2536 qui
1387 2494 1521 2528 brachii
1546 2495 1791 2538 proiectionem

292 2553 325 2584 in
353 2553 624 2585 contentionibus
651 2553 725 2585 fieri
750 2555 862 2593 iubet,
889 2556 964 2587 sine
991 2565 1094 2586 causa
1111 2554 1239 2587 Schiitz
1264 2559 1296 2586 et
1321 2553 1427 2586 Orelli
1448 2564 1646 2592 assensere;
1671 2564 1792 2588 sensus

294 2611 384 2643 enim
411 2610 595 2642 discrimen
622 2611 751 2643 nullum
780 2618 841 2643 est.
894 2623 913 2644 a
937 2612 1050 2650 Quint.
1079 2612 1146 2651 XI,
1171 2612 1213 2651 3,
1239 2611 1284 2645 84
1305 2606 1452 2644 ‘brachii
1475 2613 1652 2646 moderata
1677 2614 1791 2657 proie-

293 2662 369 2702 ctio'
396 2669 440 2701 ad
463 2662 657 2700 ‘continuos
684 2674 715 2700 et
741 2670 959 2702 decurrentes
985 2663 1089 2702 loeos'
1118 2670 1386 2702 commendatur.
1448 2670 1539 2702 idem
1571 2671 1629 2703 dat
1655 2673 1791 2705 inam-

293 2727 537 2760 bulationis
558 2732 743 2769 praecepta
769 2727 830 2766 XI,
856 2727 890 2766 3,
920 2727 985 2760 126
1011 2733 1043 2760 et
1067 2727 1132 2760 128
1158 2728 1200 2760 de
1228 2728 1328 2770 pedis
1352 2727 1578 2771 supplosione
1595 2730 1678 2773 agit.
1702 2730 1792 2763 adde

294 2785 365 2819 C-ic.
395 2786 438 2818 de
462 2795 510 2818 or.
537 2786 594 2824 III,
621 2785 702 2824 220,
729 2786 823 2817 Brut.
857 2786 933 2825 141,
965 2785 1045 2818 278.

390 2843 469 2883 108,
497 2851 524 2876 5.
576 2843 750 2876 feminis
776 2844 1009 2887 plangore.
1061 2843 1105 2875 cf.
1135 2843 1248 2882 Quint.
1276 2843 1333 2883 XI,
1361 2843 1395 2883 3,
1424 2844 1503 2879 123.
1555 2844 1716 2878 Philostr.
1745 2846 1787 2877 V.

226 2904 272 2937 28
298 2901 334 2934 S.
363 2902 450 2941 221,
483 2902 540 2935 21.
595 2921 644 2925 —
701 2909 745 2937 15.
778 2903 986 2935 simillumns
1019 2903 1114 2935 loeus
1141 2907 1192 2934 est
1218 2902 1393 2936 Ciceronis
1421 2903 1464 2936 de
1487 2913 1537 2936 or.
1563 2904 1596 2943 Ι,
1630 2903 1672 2937 18
1693 2897 1792 2944 ‘quid
