1923 3182
91 2899 106 2908 e

788 144 996 182 NOTAE.
1561 130 1647 173 231

140 257 234 298 toris'
256 268 289 296 et
308 255 471 304 ‘quonam
499 252 610 292 modo'
638 256 943 300 obtemperandum
968 263 1034 286 non
1061 251 1136 283 fnit.
1188 256 1337 282 ceterum
1362 248 1521 291 exceptio
1549 256 1648 290 prae-

141 324 230 356 toria
253 331 321 354 non
347 330 485 364 semper
506 319 613 351 valuit
638 318 681 350 ad
705 315 930 349 omittendum
955 312 1140 344 indicium.
1176 309 1348 350 siquidem
1379 308 1427 339 ait
1455 306 1526 339 Cic.
1554 305 1646 337 Part.

144 382 210 415 100
229 374 286 413 ‘ea
310 379 383 413 fere
407 378 546 422 generis
571 378 646 409 eius
671 382 761 414 sunt,
787 382 823 406 ut
849 382 1054 414 quamquam
1077 370 1110 400 in
1131 370 1244 411 ipsum
1269 367 1435 398 iudicium
1457 375 1562 407 saepe
1587 363 1647 395 de-

142 440 316 477 labantur,
344 443 456 470 tamen
482 443 559 468 ante
590 435 755 467 iudicium
789 432 965 464 tractanda
998 419 1199 460 videantur.'
1251 435 1331 468 ergo
1359 426 1378 465 3
1397 423 1442 456 99
1469 423 1644 465 legemus:

136 492 239 540 tquae
261 497 409 536 etiamsi,
436 502 617 536 autequam
636 504 690 525 res
710 494 742 524 in
765 492 928 523 indicium
951 489 1054 521 venit.
1076 492 1131 518 aut
1155 492 1282 517 certata
1304 490 1359 515 ant
1384 481 1571 514 diiudicata
1591 486 1648 512 aut

143 555 300 590 confecta
323 560 420 595 sunt,
459 560 570 586 tamen
600 553 634 584 iu
665 552 752 594 ipsis
783 549 922 581 indiciis
958 553 1184 590 permagnum
1215 553 1321 585 saepe
1354 541 1478 573 habent
1504 530 1651 581 pondns’
1692 546 1696 549 ’

144 615 247 659 volgo
271 619 323 647 est
341 606 513 646 ‘confecta
538 621 604 642 non
630 602 731 644 sunt.'
769 608 873 640 verba
893 600 965 647 ‘qni
989 615 1054 636 non
1073 614 1173 645 quem
1191 602 1234 633 ad
1255 600 1393 633 modum
1416 603 1550 641 oportet
1570 607 1650 640 ege-

145 668 198 706 rit'
223 673 323 706 lectio
359 670 461 704 codd.
491 669 699 701 deteriorum
732 674 763 699 et
789 666 823 698 E
860 675 903 697 ex
931 666 1003 695 inv.
1041 664 1072 701 1,
1101 663 1145 693 727
1185 659 1347 692 translata
1380 664 1478 695 sunt,
1509 657 1586 690 cod.
1623 665 1650 697 μ

144 738 177 765 et
203 741 320 764 veram
341 734 374 762 et
397 728 583 761 insiticiam
611 726 715 758 habet
747 725 949 759 lectionem,
984 732 1050 763 qno
1084 718 1308 762 interpolator
1342 717 1496 759 apertius
1526 715 1649 756 depre-

144 790 317 824 henditur.
433 792 463 818 9.
487 795 538 818 ex
562 783 917 817 ratiocinatione
939 798 986 803 —
1019 783 1270 820 occupatur.
1323 775 1425 818 paulo
1449 774 1548 805 aliter
1574 772 1644 806 Cic,
1675 777 1682 785 ·

146 851 217 881 lnv.
238 848 280 888 ΙΙ,
303 844 389 879 148:
417 855 460 878 ex
481 844 596 876 ratioc.
618 853 650 874 n.
679 848 786 874 contr.
807 850 909 881 quom
935 848 978 871 ex
997 847 1050 875 eo,
1071 835 1164 877 quod
1189 835 1325 876 uspiam
1345 839 1408 873 est,
1436 832 1479 863 :ul
1502 831 1537 862 id
1560 830 1652 871 quod

144 916 314 948 nusquam
339 903 504 946 scriptum
528 907 592 939 est,
619 900 765 932 venitur.
806 898 869 937 Qu,
891 898 963 935 vll,
984 896 1019 934 8,
1042 895 1063 928 3
1082 894 1138 926 hic
1162 898 1272 925 status
1299 892 1391 923 ducit
1419 901 1462 923 ex
1490 900 1542 928 eo,
1561 890 1652 930 qnod

145 966 314 1008 scriptum
334 967 385 995 est
403 961 452 1000 id,
475 960 566 1001 quod
586 960 752 991 incertum
771 963 834 997 est,
857 956 950 997 qnod
968 955 1130 996 quoniam
1149 952 1279 984 ratione
1298 949 1494 992 conligitur.
1518 948 1652 980 ratioci-

146 1023 281 1056 nativus
296 1018 440 1065 (status)
457 1019 593 1052 dicitur.
622 1017 666 1050 cf.
683 1018 846 1059 Hcrmog.
862 1025 901 1047 π.
918 1022 1023 1046 στασ.
1045 1013 1099 1050 14,
1116 1012 1172 1051 16,
1194 1010 1252 1051 qui
1269 1008 1444 1051 componit
1459 1007 1523 1039 hoc
1542 1016 1652 1049 genus

146 1091 224 1114 cum
255 1089 317 1119 eo,
348 1077 441 1120 quod
473 1082 524 1110 est
556 1071 643 1117 περὶ
678 1068 798 1117 ῥητοῦ
831 1069 895 1105 καὶ
931 1068 1124 1107 διανοίας,
1266 1073 1310 1101 ιι,
1352 1065 1652 1098 similitudine

146 1138 329 1182 quadam
363 1141 614 1179 occupatur.
665 1141 702 1165 ut
736 1133 834 1175 quasi
868 1132 1010 1175 propria
1042 1129 1097 1161 fiat
1131 1138 1248 1161 earum
1278 1127 1406 1169 legum.
1467 1125 1535 1156 iam
1561 1123 1655 1165 apud

149 1198 310 1231 Anaxim.
333 1194 375 1234 8,
409 1193 431 1226 9
466 1194 638 1226 invenitur
663 1186 705 1223 τὸ
733 1183 871 1233 ὅμοιον
899 1187 952 1233 τῷ
977 1182 1219 1230 γεγραμμένῳ
1250 1179 1353 1228 νόμῳ
1383 1184 1513 1225 aliquot
1538 1193 1654 1215 exem-

146 1257 215 1301 plis
240 1255 459 1289 illustratum.
523 1252 604 1284 vide
634 1258 814 1294 praeterea
840 1250 911 1282 Cic.
947 1248 990 1280 de
1024 1257 1072 1279 or.
1111 1248 1140 1285 1,
1175 1245 1262 1278 2⁴0:
1295 1237 1418 1276 ‘Galba
1450 1260 1496 1265 —
1530 1240 1654 1273 multas

147 1313 394 1350 similitudines
414 1310 551 1344 adferre
569 1309 746 1351 multaque
768 1318 829 1351 pro
852 1308 1024 1348 aequitate
1046 1311 1162 1337 contra
1189 1305 1242 1335 ius
1270 1294 1408 1334 dicere.³
1466 1300 1560 1332 Brut.
1590 1299 1655 1331 143

148 1376 182 1408 in
209 1373 248 1406 L.
276 1372 400 1405 Crasso
429 1375 562 1403 oratore
589 1369 747 1400 laudatur
779 1361 897 1408 ‘quoni
930 1366 972 1397 de
1011 1366 1083 1396 iure
1118 1363 1232 1399 civili,
1275 1371 1377 1402 quom
1412 1359 1454 1391 de
1488 1367 1596 1398 aequo
1624 1363 1656 1388 et

149 1434 238 1466 bono
253 1430 498 1473 disputaretur,
520 1432 799 1470 argumentorum
815 1432 845 1456 et
859 1422 1126 1455 similitudinum
1141 1412 1262 1463 eopia'.
1291 1419 1324 1450 in
1340 1417 1478 1460 volgata
1494 1415 1655 1448 lectione:

144 1486 423 1525 ‘similitudinem
448 1485 620 1528 quandam
645 1475 842 1527 aucupatur'
874 1488 905 1514 ct
929 1492 982 1513 res
1010 1481 1125 1523 inepte
1153 1479 1277 1511 dicitur
1312 1478 1388 1519 ipsa
1423 1475 1516 1518 leges
1551 1484 1656 1515 quae-

150 1560 225 1582 rere
251 1553 284 1581 et
307 1546 452 1579 verbum
478 1543 674 1587 aucupandi
699 1553 805 1586 prave
838 1541 1022 1573 adhibetur
1049 1539 1091 1571 de
1125 1538 1260 1580 legibus
1283 1537 1352 1567 iam
1381 1534 1425 1567 ad
1452 1544 1551 1565 usum
1577 1543 1656 1564 can-

148 1618 208 1641 sae
237 1605 431 1644 conversis,
461 1613 573 1644 neque
603 1608 682 1644 apte
715 1600 873 1633 cohaeret
905 1609 981 1631 curn
1008 1591 1065 1629 ‘ab
1098 1596 1176 1629 aliis
1211 1587 1369 1638 legibns’.
1506 1598 1551 1624 12.
1585 1591 1655 1622 lex

151 1671 225 1700 est.
275 1664 401 1697 retinui
424 1654 528 1700 ε(θεῖ’,
557 1669 624 1702 quo
658 1659 776 1701 nequit
802 1658 911 1690 oratio
947 1666 1081 1693 earere;
1122 1654 1224 1686 facile
1257 1652 1459 1685 elabebatur
1489 1656 1566 1682 ante
1587 1641 1656 1687 esi‚'

149 1723 353 1768 praesertim
378 1722 410 1754 si
428 1713 484 1753 ‘st'
511 1719 651 1755 brevior
676 1718 846 1760 scriptura
870 1715 1001 1747 nomini
1025 1713 1240 1746 adhaeserat.
1283 1712 1318 1743 si
1343 1710 1545 1743 furiosus
1572 1709 1658 1740 exi-

149 1787 253 1816 stet.
304 1780 386 1813 inde
417 1790 438 1812 a
462 1777 628 1812 Sehfitzio
660 1776 787 1819 legitur
816 1767 939 1813 ‘escit’‚
977 1772 1135 1814 quamvis
1161 1775 1251 1803 recte
1284 1769 1489 1810 obloquente
1515 1767 1658 1799 Ernesto

147 1835 317 1883 ‘profecto
343 1848 411 1871 non
435 1837 671 1870 necessarium
696 1840 764 1875 est,
803 1839 977 1866 auctorem
1003 1849 1050 1854 ——
1088 1831 1184 1874 leges
1211 1829 1334 1862 afferre
1360 1827 1514 1860 voluisse
1540 1836 1662 1857 secun-

154 1899 235 1932 dam
255 1897 474 1930 Latinitatem
498 1895 674 1939 priscam'.
703 1893 816 1936 legem
841 1896 1085 1925 commemorat
1111 1890 1215 1922 etiam
1242 1888 1312 1921 Cic.
1334 1888 1436 1919 Tusc.
1459 1886 1518 1923 ΙΙΙ,
1544 1884 1598 1917 ll.
1628 1885 1660 1916 in

155 1966 259 1990 eausa
282 1955 435 1988 Malleoli
461 1953 524 1997 (de
550 1963 618 1994 qua
646 1951 726 1983 vide
751 1951 829 1982 Liv.
857 1961 913 1992 ep.
941 1948 998 1982 68.
1061 1947 1160 1982 Oros.
1186 1947 1230 1986 V,
1260 1946 1320 1988 16)
1355 1956 1375 1977 a
1406 1945 1510 1977 fratre
1543 1943 1660 1975 afferri

154 2020 300 2060 poterat,
326 2020 363 2046 ut
387 2014 419 2046 ei
442 2018 618 2054 tamquam
651 2010 783 2043 furioso
815 2008 1071 2041 abiudicaretur
1102 2005 1297 2038 testamenti
1326 2003 1442 2036 factio.
1550 2007 1595 2033 13.
1623 2007 1661 2034 et

154 2075 229 2108 lex
255 2093 302 2098 —
326 2072 642 2116 profluentem.
684 2068 812 2101 Schiitz
840 2072 952 2105 ,reete
979 2066 1134 2098 iudicare
1160 2063 1314 2101 videtur,
1351 2071 1454 2102 quom
1478 2060 1566 2092 haec
1601 2060 1662 2092 ad-

156 2139 267 2167 notat:
290 2126 391 2174 ‘quid
413 2131 480 2163 ista
504 2129 563 2162 lex
587 2128 633 2160 ad
656 2137 748 2166 rem,
778 2126 821 2158 de
847 2135 914 2166 qua
935 2125 1129 2166 quaeritur,
1166 2132 1210 2154 an
1235 2120 1393 2164 paricida
1419 2119 1599 2151 damnatus
1626 2119 1661 2149 in

156 2202 293 2226 carcere
321 2193 563 2223 testamentum
594 2186 707 2218 facere
739 2184 876 2228 possit?
915 2193 1038 2215 manus
1078 2180 1363 2223 interpolatorum
1392 2178 1449 2210 hic
1487 2182 1661 2221 grassatas

156 2245 239 2285 esse*
257 2249 371 2292 magis
397 2247 500 2280 etiam
524 2244 640 2288 prodit
666 2243 743 2278 cod.
776 2244 868 2285 Aug.
890 2242 925 2273 in
950 2250 1017 2281 quo
1038 2240 1181 2282 legitur:
1204 2231 1402 2272 ‘obvolutus
1425 2237 1517 2268 corio
1542 2235 1662 2277 lupino

158 2310 307 2353 inposito
339 2306 433 2350 gallo
467 2305 569 2337 simia
603 2308 763 2346 serpente
797 2300 996 2334 devehatur‘
1031 2304 1095 2331 etc.
1156 2303 1264 2330 totam
1297 2296 1445 2337 denique
1469 2294 1582 2336 legem
1606 2292 1664 2324 hic

158 2368 200 2402 ab
227 2367 342 2400 aliena
366 2373 472 2397 manu
493 2362 664 2394 adiectam
686 2371 762 2393 esse
788 2358 965 2391 confirmat
988 2356 1056 2390 Cic.
1087 2356 1129 2388 de
1155 2356 1229 2389 Inv.
1256 2355 1300 2393 II,
1324 2365 1353 2386 c.
1379 2353 1425 2386 50
1445 2352 1571 2396 (148),
1602 2350 1663 2382 ubi

157 2419 226 2461 tres
250 2431 384 2458 tantum
407 2422 504 2465 leges
529 2421 565 2452 in
590 2420 711 2452 eadem
739 2429 845 2451 causa
871 2409 1082 2450 afferuntur'.
1111 2415 1239 2448 addere
1265 2418 1399 2457 poterat
1425 2422 1469 2444 ex
1492 2412 1566 2443 Inv.
1584 2410 1608 2442 l.
1631 2420 1659 2441 c.

159 2485 266 2518 verba
285 2486 404 2514 notata
431 2480 550 2512 videre
576 2488 652 2511 esse
688 2478 807 2516 ducta,
844 2476 970 2520 legitur
1001 2476 1092 2508 enim
1122 2474 1213 2506 illic:
1240 2467 1289 2505 tei
1317 2473 1434 2504 statim
1457 2488 1504 2494 —-
1529 2469 1666 2512 ligneae

160 2544 277 2577 soleae
305 2541 342 2572 in
373 2539 482 2582 pedes
507 2538 648 2570 indutae
678 2542 775 2575 sunt,
813 2546 852 2568 os
877 2542 991 2568 autem
1018 2534 1219 2567 obvolutum
1244 2538 1294 2565 est
1321 2530 1478 2564 folliculo
1505 2534 1537 2561 et
1563 2538 1663 2571 prae-

164 2603 324 2645 ligatum;
347 2598 472 2631 deiude
498 2602 549 2630 est
573 2598 611 2629 in
636 2606 808 2628 carcerem
832 2595 1018 2633 deductus,
1043 2600 1080 2626 ut
1105 2594 1156 2626 ibi
1180 2598 1272 2625 esset
1287 2591 1479 2632 tantisper,
1506 2588 1589 2620 dum
1607 2594 1671 2618 cu:

165 2661 252 2698 leus,
271 2658 308 2689 in
329 2667 430 2699 quem
447 2656 621 2688 coniectus
641 2656 677 2687 in
699 2654 927 2698 profluentem
943 2653 1156 2691 deferretur,
1183 2648 1459 2693 conpararetur';
1486 2652 1665 2689 praeterea

163 2719 277 2760 ipsam
301 2715 375 2747 Inv.
399 2715 442 2754 Π,
471 2713 538 2747 149
570 2713 836 2757 interpolatione
867 2712 1040 2745 foedatam
1076 2721 1169 2750 esse,
1207 2707 1481 2747 includendaque
1504 2705 1588 2736 ista:
1616 2695 1664 2733 ‘et

165 2785 253 2818 quae
278 2774 371 2806 hunc
393 2774 509 2816 ipsum
522 2773 695 2816 supplicio
722 2773 796 2805 eius
814 2771 908 2804 modi
927 2770 1083 2803 afficiunt
1101 2769 1143 2802 et’
1169 2773 1204 2800 ut
1227 2767 1459 2807 relinquatur:
1479 2756 1550 2793 ‘hie
1572 2764 1665 2792 certa

166 2834 224 2866 lex
247 2850 296 2856 —
319 2831 416 2863 nulla
438 2830 630 2873 profertur,
657 2836 709 2863 set
730 2841 774 2863 ex
798 2830 921 2862 ceteris
948 2829 1085 2872 legibus
1110 2826 1178 2870 (sie
1203 2826 1279 2858 eod.
1306 2821 1400 2863 Erf.)
1425 2830 1511 2861 quae
1533 2835 1581 2841 —-
1604 2817 1667 2849 ha-

167 2890 325 2925 bueritne
342 2889 538 2922 testamenti
561 2889 714 2921 faciendi
734 2888 964 2931 potestatem.’
1061 2893 1106 2919 15.
1134 2881 1470 2926 paterfamilias
1489 2896 1532 2901 -—
1557 2881 1662 2908 esto.
