1971 3182
230 168 256 196 x
861 161 1140 191 PRAEFATIO.

227 267 495 309 continentia
547 279 643 305 cum
700 264 794 318 ipso
846 264 1021 318 negotio
1076 263 1318 316 gestionem
1371 266 1536 318 negotii
1590 264 1796 306 adiuncta

227 336 400 391 negotio
434 340 475 374 et
512 331 928 384 eonsecutionem¹);
968 345 1169 372 maxume
1210 330 1416 373 differunt
1446 334 1706 375 tractatione
1735 334 1795 375 lo-

227 418 372 445 corum
413 400 724 452 communium,
765 400 1191 454 argumentationum
1231 398 1565 442 artificiosarum
1600 406 1642 442 et
1669 402 1794 443 vitio-

228 485 391 522 sarum,
438 469 624 524 (lenique
668 469 841 522 generis
881 467 1177 520 deliberativi,
1220 481 1329 523 quae
1377 466 1550 523 longius
1591 470 1796 526 persequi

227 539 294 579 hic
324 537 543 589 nolumus,
575 536 630 576 cf.
664 536 791 577 modo
819 536 875 589 ΙΙ,
913 538 961 576 10
993 551 1085 592 sqq.
1118 550 1215 577 cum
1242 535 1339 577 Inv.
1370 535 1429 589 II,
1462 538 1514 576 47
1546 551 1609 593 sq.
1642 536 1701 591 Π,
1741 539 1794 578 27

227 624 322 650 cum
349 607 445 648 Inv.
478 606 517 658 Ι,
550 608 595 645 51
635 621 728 662 sqq.
759 606 848 660 III,
891 608 1025 646 1-10
1056 620 1153 646 eum
1186 607 1262 645 155
1295 619 1388 660 sqq.
1421 609 1463 645 et
1494 618 1604 661 quac
1636 605 1689 647 de
1729 605 1796 646 his

226 676 422 733 partibus
453 675 555 717 011111
587 675 839 730 scripsimus
867 675 911 714 in
944 673 1116 715 Monac.
1152 673 1192 714 d.
1224 688 1266 714 11.
1305 673 1433 726 1852,
1467 687 1508 729 p.
1539 673 1793 715 482—487.

339 745 405 785 Ea
428 743 571 785 omnia
591 743 663 799 qui
684 743 927 783 accuratius
949 742 1061 782 inter
1080 757 1125 782 se
1141 741 1471 798 comparaverit,
1495 755 1583 782 non
1609 740 1795 797 amplius

227 815 279 856 dc
312 812 464 854 eodem
488 812 713 867 utriusque
744 810 844 851 libri
874 810 1106 866 scriptore,
1138 810 1268 850 immo
1300 824 1353 850 ne
1385 808 1438 849 de
1468 808 1586 851 fonte
1620 808 1796 865 quidem

228 882 379 923 eodem
407 879 628 935 cogitabit,
663 879 778 920 unde
810 878 936 920 ambo
969 879 1202 935 scriptores
1234 878 1471 919 hauserint.
1520 876 1673 919 Cicero
1706 876 1796 933 ple-

227 965 360 1007 raque
388 964 443 990 ex
466 948 739 1002 Hermagora
772 948 955 1004 repetiit,
994 948 1068 1003 qui
1100 947 1138 987 ei
1168 947 1434 1002 potissumus
1464 951 1529 987 est
1557 951 1718 999 auctor,
1750 951 1799 987 ut

228 1017 561 1073 Ile1·1nogeni²);
586 1015 794 1057 nonnulla
826 1016 940 1057 enim
968 1016 1012 1056 in
1042 1014 1116 1056 illo
1147 1014 1470 1071 reprehendens
1505 1013 1722 1069 significat
1750 1029 1796 1056 se

227 1090 271 1130 in
301 1088 455 1129 ceteris
494 1086 611 1127 viam
645 1099 670 1125 a
702 1084 872 1125 Graeco
914 1084 1123 1137 magistro
1159 1088 1443 1124 monstratam
1479 1088 1649 1124 tenere:
1693 1087 1798 1139 aput

228 1155 512 1198 Cornificium
539 1167 752 1209 nusquam
792 1153 988 1194 invenias
1016 1151 1342 1207 Hermagoreae
1378 1150 1636 1208 disciplinae
1666 1151 1798 1193 vesti-

226 1227 367 1279 gium3
413 1224 517 1279 quin
565 1221 739 1263 videtur
772 1236 866 1262 eam
912 1222 1050 1276 ipsam
1081 1226 1230 1276 petere
1258 1220 1470 1276 prooemii
1501 1217 1650 1260 Verbis
1682 1218 1796 1272 ‘illa,

229 1307 337 1349 quac
370 1291 529 1333 Grraeci
564 1290 796 1345 scriptores
836 1289 978 1329 inanis
1017 1288 1303 1343 adrogantiae
1347 1302 1480 1330 causa
1512 1286 1597 1329 sibi
1627 1287 1797 1329 adsum-

226 1366 425 1419 pserunt,
460 1358 735 1414 reliquimus:
784 1373 885 1398 nam
923 1357 1007 1410 illi,
1052 1371 1106 1397 ne
1136 1371 1290 1413 parum
1328 1355 1465 1397 multa
1504 1355 1640 1396 scisse
1678 1355 1799 1397 vide-

228 1435 393 1482 rentur,
425 1443 473 1468 ea
505 1427 882 1483 conquisiverunt,
915 1440 1026 1482 quae
1060 1425 1168 1466 nihil
1205 1424 1469 1478 attinebant,
1506 1429 1554 1464 ut
1585 1436 1654 1464 ars
1682 1423 1796 1465 diffi-

228 1498 351 1540 cilior
383 1496 559 1551 cognitu
583 1500 840 1552 putaretur'.
912 1494 1024 1534 falsa
1056 1495 1186 1535 etiam
1215 1493 1268 1535 (10
1311 1491 1471 1534 scholis
1510 1490 1564 1532 ab
1600 1505 1650 1533 eo
1675 1492 1799 1534 insti-

227 1566 351 1618 tutis,
394 1579 450 1605 ex
480 1563 636 1620 quibus
665 1562 818 1605 Cicero
854 1562 1188 1604 commentarios
1227 1576 1328 1603 suos
1359 1560 1563 1617 excipere
1593 1561 1796 1616 potuerit,

230 1634 411 1691 suspitio
443 1638 530 1686 est3
563 1630 797 1673 familiaria
829 1633 944 1673 enim
973 1631 1150 1686 negotia
1179 1631 1235 1686 (3,
1263 1629 1316 1684 1),
1348 1628 1505 1686 quibus
1535 1643 1690 1685 parum
1716 1631 1794 1671 otii

229 1702 311 1744 sibi
342 1702 529 1758 relinqui
560 1700 684 1754 dicit,
718 1699 778 1741 nil
799 1706 974 1756 praeter
1001 1714 1149 1741 curam
1171 1699 1507 1741 domesticarum
1535 1712 1681 1739 rerum
1712 1698 1797 1754 sig-

228 1772 426 1825 nificant3
460 1785 535 1811 eae
567 1775 667 1811 sunt
695 1770 1013 1825 occupationes,
1039 1783 1223 1825 quarum
1255 1768 1385 1809 etiam
1415 1768 1488 1820 26,
1523 1769 1547 1807 4
1579 1766 1798 1821 meminit3

229 1841 282 1881 iis
321 1839 553 1895 impeditus
583 1838 752 1879 scholas
783 1837 944 1879 habere
972 1836 1202 1894 nequibat:
1255 1851 1361 1893 quas
1408 1836 1445 1877 si
1476 1843 1623 1877 tamen
1658 1835 1698 1876 ei
1723 1835 1797 1876 tri-

228 1909 451 1950 buerimus
491 1907 649 1960 invito,
690 1906 826 1947 nihilo
861 1906 1000 1961 magis
1041 1905 1301 1959 efficiemus,
1347 1910 1395 1946 ut
1427 1903 1685 1946 Ciceronem
1724 1903 1797 1945 do-

229 1978 387 2031 cuerit,
425 1976 510 2017 nisi
548 1975 662 2016 hunc
703 1975 884 2031 impium
915 1974 1059 2016 dicere
1088 1974 1275 2015 velimus
1310 1974 1355 2015 in
1387 1973 1666 2029 magistrum:
1711 1987 1798 2013 ma-

228 2048 414 2103 gistrum
446 2045 561 2086 enim
591 2050 706 2085 certe
737 2043 931 2085 laederet
966 2043 1061 2084 istis
1094 2043 1246 2084 ‘huius
1287 2041 1607 2084 constitutionis
1640 2042 1798 2097 (trans-

230 2114 407 2169 lativae)
440 2113 754 2167 ‘Hermagoras
785 2113 988 2153 inventor
1012 2127 1107 2154 esse
1139 2113 1447 2163 existumatur,
1486 2123 1575 2150 non
1598 2123 1682 2165 quo
1710 2124 1798 2151 non

227 2185 295 2226 usi
325 2184 409 2224 sint
439 2196 489 2222 ea
516 2188 686 2222 veteres
718 2187 910 2223 oratores
943 2195 1072 2238 saepe
1103 2180 1246 2234 multi,
1277 2185 1341 2221 set
1366 2178 1467 2235 quia
1497 2191 1585 2218 non
1606 2177 1798 2219 animad-

229 2252 443 2295 verterint
475 2251 579 2291 artis
612 2250 846 2306 scriptores
870 2264 965 2290 eam
984 2249 1244 2305 superiores,
1268 2262 1349 2289 nec
1378 2244 1626 2287 rettulerint
1649 2245 1695 2285 in
1721 2260 1797 2287 nu-

228 2336 395 2363 merum
425 2318 799 2359 constitutionum:
840 2324 940 2374 post
968 2324 1110 2359 autem
1137 2317 1191 2358 ab
1218 2317 1301 2358 hoc
1329 2316 1552 2356 inventam
1581 2312 1707 2354 multi
1734 2329 1799 2355 re-

228 2388 572 2447 prehenderunt,
597 2401 704 2442 quos
723 2401 810 2427 non
831 2392 920 2427 tam
933 2386 1213 2442 inprudentia
1232 2385 1326 2426 falli
1345 2389 1567 2440 putamuS‚
1593 2396 1663 2423 res
1685 2382 1800 2423 enim

229 2458 461 2515 perspicua
492 2461 576 2509 est,
610 2469 739 2512 quam
769 2455 937 2496 invidia
965 2460 1095 2511 atque
1117 2454 1432 2496 obtrectatione
1458 2450 1647 2508 quadam
1679 2451 1798 2506 inpe-

230 2527 347 2570 diri'.
379 2525 447 2566 his
464 2526 578 2576 (Inv.
602 2524 636 2578 I,
659 2526 726 2574 16)
749 2529 897 2580 aperte
918 2522 1297 2579 reprehenduntur
1323 2520 1460 2563 verba
1482 2518 1707 2561 Cornificii
1735 2521 1797 2572 16,

235 2598 304 2637 16:
325 2602 570 2637 ‘causarum
588 2593 920 2635 constitutiones
938 2592 1014 2632 alii
1034 2597 1238 2648 quattuor
1248 2591 1467 2632 fecerunt:
1485 2592 1633 2629 noster
1647 2587 1799 2629 doctor

229 2665 309 2706 tris
334 2663 505 2722 putavit
537 2677 652 2716 esse,
693 2676 781 2703 non
819 2666 867 2701 ut
899 2660 952 2702 de
983 2658 1157 2701 illorum
1196 2660 1427 2716 quicquam
1459 2654 1707 2699 detraheret
1736 2655 1799 2696 in-

327 2830 362 2873 l)
388 2830 431 2862 ef.
460 2829 516 2870 ⁶29,
543 2829 564 2861 8
587 2838 663 2860 011111
686 2829 757 2859 Inxn
784 2827 825 2863 ΙΙ,
856 2826 897 2858 16
919 2836 994 2866 sqq.
1026 2827 1051 2865 Ι,
1079 2825 1121 2858 37
1149 2836 1224 2867 sqq,

324 2891 359 2932 2)
386 2891 457 2921 Inv.
486 2889 510 2929 Ι,
538 2888 572 2928 8,
601 2887 660 2925 12;
688 2886 767 2918 vide
793 2890 909 2917 eontra
934 2885 958 2926 I,
990 2884 1043 2918 lo.
