1971 3198
798 676 1151 740 PRAFATm.

271 929 508 995 Oratores
551 952 757 1009 antiquos
805 966 894 993 non
937 966 1068 1008 posse
1108 952 1215 993 satis
1256 950 1459 1006 intellegi
1492 956 1534 992 et
1567 948 1766 1001 iudicari,

176 1021 264 1063 nisi
294 1019 488 1075 cognitio
528 1021 635 1062 artis
673 1020 919 1063 rhetoricae
954 1021 1155 1075 accedat,
1195 1020 1328 1062 hodic
1360 1020 1503 1061 minus
1540 1020 1769 1075 ignoratur

179 1105 311 1148 quam
340 1088 457 1143 olim,
488 1087 540 1130 L.
568 1087 794 1146 Spengelii
815 1105 1020 1132 maxume
1044 1105 1197 1147 opera,
1233 1090 1357 1131 cuius
1383 1089 1559 1130 Artium
1584 1088 1764 1144 scripto-

178 1175 270 1215 res,
302 1159 621 1212 Anaximenes,
654 1159 900 1217 complures
924 1160 1256 1202 dissertationes
1280 1158 1393 1200 hanc
1422 1157 1648 1200 literarum
1671 1170 1768 1212 par-

178 1234 268 1271 tem
296 1227 414 1270 claro
447 1227 610 1269 lumine
646 1227 947 1271 illustrarunt:
991 1229 1107 1270 idem
1147 1227 1244 1285 plus
1284 1242 1371 1269 uno
1412 1226 1507 1268 loco
1537 1232 1763 1283 praestan-

178 1298 285 1340 tiam
314 1297 444 1339 huius
469 1296 689 1351 magistri,
728 1298 799 1354 qui
822 1298 954 1351 volgo
988 1304 1157 1338 ‘auctor
1181 1296 1237 1338 ad
1257 1296 1547 1338 Herennium'
1571 1300 1767 1346 vocatur,

180 1365 524 1418 commendavit,
556 1372 686 1422 atque
717 1368 778 1408 sic
811 1367 975 1420 effecit,
1005 1374 1053 1408 ut
1076 1374 1119 1408 et
1144 1367 1238 1422 ipse
1269 1365 1525 1420 diligentius
1555 1378 1652 1404 eum
1680 1369 1768 1403 tra-

181 1442 366 1478 ctarem:
409 1434 498 1490 legi
524 1435 660 1490 igitur
690 1441 731 1475 et
763 1434 922 1489 relegi,
955 1437 1084 1477 etiam
1116 1434 1313 1491 praelegi
1347 1435 1391 1475 in
1421 1432 1582 1475 scholis
1615 1431 1768 1473 acade-

181 1505 330 1558 micis,
371 1518 423 1546 ac
464 1518 570 1545 mox
602 1504 754 1545 inveni
802 1519 889 1545 non
936 1519 1314 1562 supervacaneum
1356 1503 1449 1544 fore
1488 1502 1682 1544 studium
1723 1501 1768 1541 in

181 1573 394 1630 scriptore
421 1572 703 1626 collocatum,
737 1572 811 1629 qui
845 1587 922 1614 suo
944 1573 1086 1615 adhuc
1114 1573 1185 1615 vel
1215 1573 1391 1615 nomine
1418 1578 1607 1624 careret,
1639 1570 1769 1611 inter-

179 1648 303 1700 prete
333 1648 524 1695 careret,
557 1642 813 1683 recensione
841 1650 1023 1683 careret.

297 1709 427 1764 Quod
465 1710 581 1751 enim
618 1710 773 1752 attinet
811 1726 991 1765 nomen,
1032 1711 1164 1754 habet
1205 1712 1287 1753 hoc
1318 1726 1545 1753 commune
1581 1708 1768 1750 eximius

181 1781 252 1823 hic
281 1780 526 1822 rhetoricae
554 1778 707 1821 doctor
737 1794 836 1822 cum
861 1782 1160 1835 Anaximene,
1194 1779 1311 1838 quod
1336 1780 1596 1822 diutissume
1621 1776 1768 1819 debita

182 1850 311 1892 laude
342 1847 602 1906 privabatur
634 1848 715 1890 sub
750 1849 894 1891 alieno
932 1856 974 1892 et
1006 1849 1250 1892 celebriore
1282 1849 1458 1891 nomine
1489 1847 1767 1900 delitescens,

183 1919 499 1962 Ciceronianus
532 1918 648 1959 enim
685 1917 788 1961 inde
826 1934 851 1960 a
879 1919 1033 1976 primis
1066 1933 1195 1960 aerae
1234 1924 1411 1959 nostrae
1442 1916 1628 1959 saeculis
1658 1915 1770 1957 fere-

181 1989 312 2030 batur
342 1988 434 2029 eius
464 1985 578 2028 liber
610 2001 728 2041 esse,
762 2002 843 2029 nec
872 1989 1034 2030 nostris
1064 1987 1336 2045 temporibus
1367 1986 1485 2028 illius
1517 1985 1671 2028 haberi
1704 1992 1770 2026 est

183 2057 370 2110 desitus,
400 2061 532 2112 atque
561 2054 715 2110 iidem,
751 2057 826 2114 qui
852 2057 1251 2099 vehementissume
1273 2056 1572 2098 Anaximenia
1598 2055 1769 2097 Aristo-

181 2125 259 2168 teli
287 2123 595 2177 vindicabant,
628 2125 760 2166 etiam
783 2125 892 2167 haec
923 2141 994 2167 ars
1021 2133 1069 2168 ut
1088 2125 1234 2168 Tullio
1255 2124 1588 2178 attribueretur,
1621 2130 1769 2181 postu-

182 2195 387 2237 laverunt
399 2193 454 2251 ¹),
486 2198 689 2250 stantque
708 2193 764 2235 ab
791 2209 841 2235 ea
867 2196 1087 2237 sententia
1111 2195 1255 2237 adhuc
1279 2192 1480 2235 nonnulli
1496 2193 1593 2234 VV.
1611 2192 1769 2250 DD.²),

183 2263 342 2321 quibus
372 2263 508 2319 igitur
537 2262 652 2305 liber
684 2261 898 2304 Cicerone
932 2262 1092 2318 dignus
1129 2262 1329 2317 videtur,
1367 2261 1444 2302 alii
1486 2261 1617 2318 plane
1657 2262 1769 2304 indi—

183 2347 320 2388 gnum
352 2346 448 2373 esse
478 2332 829 2388 pronuntiant³);
869 2346 925 2373 ex
965 2332 1184 2374 contrario
1214 2331 1346 2387 longe
1375 2345 1508 2387 supra
1541 2330 1768 2373 Ciceronis

183 2400 422 2443 Rhetorica
457 2399 630 2441 extollit
658 2399 828 2441 Puchta
861 2401 955 2443 iure
988 2402 1288 2444 consultorum
1319 2399 1766 2457 celebratissumus4).

185 2468 374 2512 docendi
415 2474 533 2510 certe
572 2475 665 2510 arte
702 2468 826 2509 illum
865 2469 1024 2524 vincit,
1071 2470 1147 2528 qui
1184 2471 1229 2512 in
1267 2470 1352 2512 hoc
1392 2483 1565 2528 quoque
1605 2484 1769 2525 genere

183 2538 325 2594 magis
370 2537 646 2594 eloquentiae
691 2537 880 2593 gloriam
925 2553 1056 2594 quam
1101 2539 1393 2581 accurationis
1439 2540 1702 2595 quaesivit,
1726 2546 1770 2580 at

184 2613 335 2649 noster
355 2606 605 2659 materiam,
635 2621 746 2663 quae
771 2607 1015 2649 ambitiosis
1037 2607 1310 2651 Graecorum
1332 2608 1490 2650 studiis
1511 2607 1642 2648 nimis
1666 2607 1769 2649 den-

187 2690 236 2718 sa
265 2681 308 2717 et
336 2673 549 2731 perplexa
579 2682 801 2730 evaserat,
833 2676 891 2718 ad
922 2677 1166 2733 simplicem
1199 2683 1241 2719 et
1266 2677 1543 2734 perspicuom
1572 2676 1769 2718 ordinem

282 2803 322 2846 l)
347 2803 545 2836 Zeitschrift
568 2803 624 2835 fur
652 2803 1111 2839 Alterthumswissenschaft
1137 2806 1247 2845 1839,
1274 2817 1310 2849 p.
1337 2805 1418 2838 408.

281 2862 322 2904 2)
348 2867 384 2894 ut
413 2863 455 2895 R.
483 2861 587 2894 Klotz
614 2862 648 2893 iu
670 2862 722 2894 ed.
750 2872 860 2905 nuper
885 2870 1000 2896 curata
1026 2864 1095 2896 Cic.
1121 2865 1201 2898 Vol.
1233 2866 1257 2903 I,
1285 2875 1319 2907 p.
1344 2865 1402 2895 VI.

281 2920 321 2962 3)
347 2920 567 2962 Bernhardy,
592 2920 667 2952 Lat.
695 2920 1001 2964 Litteraturgesch.
1029 2923 1086 2961 57,
1114 2923 1194 2956 622.

280 2977 322 3020 4)
349 2978 689 3012 Gewohnheitsrecht
713 2990 748 3022 p.
776 2980 832 3012 50.
