1923 3182
797 173 1005 210 NOTAE.
1569 166 1652 210 227

151 282 185 321 6,
213 284 259 315 44
285 283 343 315 ubi
368 285 433 315 ait:
462 277 497 316 ‘a
522 284 693 328 plurimus
718 291 787 317 tres
815 291 892 317 sunt
919 284 999 316 facti
1024 284 1203 327 generales
1230 289 1359 321 status,
1392 283 1516 324 quibus
1542 290 1572 316 et
1601 283 1656 316 Ci-

148 351 227 374 cero
252 342 286 373 in
312 348 445 374 oratore
471 343 576 375 utitur
606 361 652 365 ——
683 343 774 375 idem
805 342 979 375 Patrocles
1011 345 1113 374 sentit
1146 360 1189 365 —
1215 348 1284 374 tres
1310 341 1390 373 fecit
1418 348 1448 373 et
1475 342 1522 373 M.
1551 344 1656 375 Anto-

148 400 226 431 nius
251 417 297 422 —
323 401 380 441 qui
408 406 439 432 et
466 401 624 443 Virgiuio
650 393 804 444 placent'
829 400 983 433 consulto
1011 401 1145 433 videtur
1172 401 1325 431 omittere
1353 398 1583 432 Cornificium.
1607 400 1653 435 cf.

149 457 296 491 Praefat.
347 475 394 481 —
442 464 488 490 20.
529 459 790 491 constitutio
828 464 892 491 est
929 459 1069 502 prima
1106 458 1363 501 deprecatio
1403 458 1656 491 ‹elefensoris

150 526 238 547 curn
265 517 536 549 accusatoris
562 516 898 549 insimulatione
924 518 1170 548 coniuncta.
1198 515 1282 546 haec
1303 516 1654 559 respiciunturaCic.

150 574 223 608 an.
251 575 276 612 1,
306 574 350 607 13
375 581 461 610 extr,
489 575 548 606 ubi
574 585 687 607 errore
713 574 862 615 quodam
886 573 1114 615 Hermagorae
1141 573 1284 605 refutato
1303 566 1381 606 ‘hoc
1410 574 1529 605 eodem
1556 585 1657 617 urge-

150 625 257 664 bitur'
295 634 342 665 ait
376 626 466 665 ‘sive
499 634 775 666 constitutionem
807 633 954 675 primam
980 642 1105 664 causae
1131 634 1341 665 accusatoris
1366 632 1656 665 confirmationem

153 690 280 721 dixerit
305 691 380 723 sive
406 690 599 724 defensoris
625 692 771 735 primam
798 682 1093 733 deprecationem'
1121 697 1150 721 et
1177 701 1197 721 a
1224 690 1338 728 Quint.
1369 691 1423 722 ΙΙΙ.
1454 692 1487 724 6,
1519 690 1561 723 13
1581 685 1656 723 ‘alii

151 747 369 780 erediderunt
394 749 542 791 primam
568 751 654 788 eius,
683 759 759 781 cum
785 759 850 790 quo
877 755 1055 790 ageretur.
1083 742 1386 791 deprecationem.'
1436 759 1511 781 cum
1539 749 1659 781 delini-

150 805 242 837 tione
267 815 287 836 a
312 805 493 840 Cornificio
517 813 683 851 usurpata
714 816 875 839 maxume
904 795 1067 848 'congruit
1099 805 1168 840 Cic.
1202 806 1289 849 Top.
1317 805 1363 838 93
1401 799 1576 839 erefutatio
1604 818 1659 839 ac—

152 864 356 903 cusationis,
396 866 431 897 in
460 877 527 908 qua
559 867 719 910 depulsio
753 865 906 897 criminis.
939 875 1024 906 quae
1053 864 1179 897 timet-<-
1207 858 1336 902 στάσις
1365 865 1508 898 dicitur.
1540 865 1659 897 Latine

152 922 346 965 appellatur
369 928 493 957 status:
521 925 555 956 in
581 936 646 966 quo
670 926 820 969 primum
845 923 974 955 insistit
1001 924 1099 964 quasi
1126 923 1169 955 ad
1189 923 1452 966 repugnandum
1474 932 1660 966 congressa

153 973 337 1027 defensio,'
386 981 500 1020 Quint.
529 988 644 1015 contra
673 984 726 1021 ΙΙΙ,
753 981 786 1019 6,
817 980 858 1014 13
881 993 956 1023 sqq.
985 982 1087 1013 etium
1112 983 1321 1013 accusatoris
1347 988 1471 1013 statum
1497 992 1573 1014 esse
1601 982 1658 1014 de-

153 1040 277 1077 crevit,
311 1045 493 1082 postquam
519 1039 698 1073 Cornelius
726 1040 846 1073 Celsus
873 1041 1076 1073 sententiam
1101 1040 1260 1083 protulit,
1295 1041 1431 1072 omnino
1460 1050 1526 1072 non
1554 1051 1573 1072 a
1600 1040 1659 1072 de-

154 1096 314 1138 pulsione
338 1099 427 1130 sumi
453 1105 595 1139 statum,
628 1104 679 1132 set
710 1100 751 1131 ab
787 1109 844 1137 eo,
877 1099 933 1140 qui
967 1099 1238 1141 propositionem
1264 1109 1362 1131 suam
1388 1097 1574 1132 confirmet.
1627 1105 1658 1130 at

155 1163 197 1184 ex
232 1154 444 1189 firmamento
472 1159 682 1190 accusatoris
717 1157 880 1189 iudicatio
913 1157 972 1198 (de
1005 1168 1071 1198 qua
1104 1156 1184 1189 vide
1217 1156 1306 1188 infra
1338 1157 1361 1194 I,
1397 1156 1456 1195 26)
1491 1166 1658 1200 proxume

153 1215 384 1256 consequitur,
411 1225 478 1248 non
503 1220 623 1254 status,
649 1216 706 1257 qui
731 1216 898 1248 antecedit
926 1216 1091 1247 rationem
1118 1216 1150 1246 in
1179 1226 1303 1257 genere
1330 1215 1492 1258 legittimo
1521 1223 1552 1247 ct
1579 1217 1661 1247 iuri-

154 1270 286 1307 diciali.
316 1273 504 1317 appellatio
530 1284 574 1306 ex
599 1274 841 1307 certaminibus
865 1274 1036 1316 gymnicis
1061 1274 1167 1317 petita
1192 1284 1268 1305 esse
1297 1274 1440 1310 ridetur,
1469 1274 1513 1307 cf.
1532 1273 1658 1308 Aesch.

153 1330 209 1369 ΙΙΙ,
237 1330 306 1364 206
341 1323 467 1375 ὥσπερ
500 1351 546 1356 —
572 1325 613 1363 ἓν
638 1332 721 1369 τοῖς
754 1332 954 1374 γυμνικοῖς
979 1324 1122 1372 ἀγῶσιν
1149 1324 1262 1371 ὁρᾶτε
1286 1326 1374 1368 τούς
1403 1325 1548 1368 πύκτας
1573 1328 1662 1372 περὶ

153 1386 222 1431 τῆς
246 1384 412 1428 στάσεως
431 1385 528 1434 πρὸς
555 1383 741 1432 ἀλλήλους
762 1385 1113 1432 διαγωνιζομένους.
1143 1381 1240 1420 οὕτω
1262 1386 1327 1420 καὶ
1347 1383 1454 1431 ὑμεῖς
1477 1383 1571 1432 ὅλην
1590 1385 1662 1432 τὴν

153 1440 300 1490 ἡμέραν
319 1442 416 1492 ὑπὲρ
434 1447 501 1492 τῆς
525 1443 670 1487 πόλεως
689 1445 751 1480 καὶ
778 1447 845 1491 τῆς
864 1443 1003 1487 τάξεως
1029 1441 1130 1491 αὐτῷ
1153 1446 1222 1479 τοῦ
1243 1443 1357 1490 λόγου
1376 1442 1557 1490 μάχεσθε.
1596 1448 1662 1480 tale

155 1506 238 1547 quid
262 1515 419 1551 spectare
445 1509 581 1541 videtur
607 1509 767 1551 Hei-mog.
797 1517 837 1538 π.
869 1515 972 1539 στασ.
1007 1506 1057 1539 10.
1085 1508 1118 1541 2,
1149 1499 1247 1538 ὅθεν
1277 1526 1323 1531 -
1346 1505 1494 1548 εἴρηται
1520 1502 1661 1550 στάσις,

155 1561 230 1596 εἴτε
251 1558 328 1598 ἀπὸ
353 1564 424 1599 τοῦ
451 1561 662 1606 στασιάζειν
681 1561 771 1603 τούς
788 1558 1102 1607 ἀγωνιζομένους,
1133 1563 1207 1597 εἴτε
1227 1559 1410 1605 ὁθενοῦν,
1430 1558 1571 1608 ἑτέροις
1592 1576 1663 1598 πα-

155 1620 276 1665 elneu-

251 1681 308 1722 17,
334 1688 363 1717 2.
392 1683 712 1715 coniecturalis
742 1682 949 1724 legittima
977 1681 1265 1715 iuridicialis.
1319 1683 1550 1716 Anaximenes
1579 1684 1664 1716 duas

156 1739 278 1773 harum
304 1742 601 1781 constitutionum,
629 1739 895 1774 coniecturalem
921 1746 952 1771 et
978 1739 1207 1771 iuridicialem
1235 1741 1414 1784 exprimit,
1442 1742 1665 1775 iuridicialis-

157 1809 221 1839 que
246 1805 424 1841 utramque
451 1800 608 1839 formam,
635 1801 765 1832 ratione
793 1799 910 1830 habita
935 1791 1096 1839 ἀγώνων
1119 1796 1286 1840 τιμητῶν
1313 1806 1343 1831 et
1369 1793 1581 1842 ἀτιμήτων,
1606 1804 1663 1841 24,

160 1856 314 1891 18—23:
341 1849 436 1890 ὅταν
457 1852 477 1889 ὃ
502 1854 620 1900 νόμος
646 1850 753 1900 ὁρίζῃ
775 1851 843 1894 τὰς
868 1855 1062 1898 τιμωρίας,
1091 1853 1260 1888 δεικτέον
1286 1850 1337 1894 ὧς
1357 1851 1427 1890 οὐκ
1447 1852 1603 1902 ἐποίησε
1622 1855 1664 1892 τὸ

158 1909 344 1956 παράπαν
366 1907 393 1957 ἢ
411 1908 462 1953 ὥς
485 1911 628 1958 ἔννομα
651 1912 716 1947 καὶ
744 1913 876 1946 δίκαια
902 1908 1103 1956 ἐποίησεν·
1127 1908 1189 1948 ὅτε
1214 1911 1256 1948 δὲ
1282 1912 1322 1948 οἰ
1347 1914 1524 1949 δικασταὶ
1550 1918 1667 1951 καθε-

158 1966 318 2014 στήκασι
335 1970 489 2015 τιμηταὶ
513 1972 580 2015 τῆς
605 1971 758 2016 ζημίας,
783 1965 925 2014 ὁμοίως
945 1967 1061 2004 πάλιν
1088 1967 1134 2005 οὐ
1166 1970 1327 2015 φατέον,
1351 1966 1410 2006 ὅτι
1444 1974 1564 2008 ταῦτα
1596 1971 1666 2009 οὐκ

159 2023 352 2072 ἐποίησεν,
380 2023 475 2062 ἀλλὰ
503 2025 619 2073 μικρὰ
647 2025 904 2075 βεβλαμμένον
927 2024 995 2062 τὸν
1021 2024 1198 2062 ἐναντίον
1222 2027 1287 2062 καὶ
1311 2024 1475 2065 ἀκούσια
1496 2028 1667 2076 ἀποφαί-

159 2098 242 2121 νειν
273 2084 487 2131 πειρατέον.
547 2091 691 2123 eandem
724 2090 795 2122 fere
825 2089 950 2131 Lysias
982 2088 1069 2127 Xffl,
1103 2088 1243 2122 40—52
1283 2089 1489 2125 divisionem
1520 2093 1662 2136 profert,

159 2147 362 2181 Aristoteles
394 2148 494 2184 Rhea,
524 2150 576 2188 ΙΙΙ,
605 2149 659 2188 17,
690 2150 705 2181 l
740 2158 868 2191 genera
900 2148 1180 2181 constitutionum
1212 2149 1402 2182 universali
1435 2152 1571 2184 nomine
1606 2150 1667 2183 πί-

163 2214 298 2246 στεων,
330 2207 473 2250 propria
500 2207 732 2251 appellatione
758 2207 910 2239 nondum
934 2217 1018 2239 usus
1045 2206 1293 2248 complectitur.
1346 2206 1463 2241 Cicero
1494 2220 1557 2253 pro
1583 2210 1670 2253 legi-

160 2270 256 2297 tuma
274 2263 446 2297 Cornificii
466 2267 707 2298 constitutione
733 2265 944 2297 definitivam
968 2264 1198 2310 Hermagorae
1224 2269 1383 2312 exemplo
1407 2269 1504 2311 ponit
1531 2268 1594 2311 (ef,
1618 2270 1670 2300 in-

163 2323 216 2355 fra
241 2323 286 2354 ad
310 2322 367 2361 17,
393 2321 416 2355 9
441 2323 621 2363 adnotata)
653 2323 708 2355 his
734 2324 838 2356 locis:
872 2325 944 2357 Inv.
972 2324 997 2362 1,
1027 2324 1081 2365 10,
1116 2327 1207 2361 Part.
1237 2326 1294 2367 33,
1326 2329 1414 2372 Top.
1443 2327 1501 2367 92,
1535 2338 1584 2362 or.
1610 2329 1667 2365 45,

162 2381 205 2414 de
229 2391 279 2416 or.
307 2382 333 2420 Ι,
363 2379 442 2420 139,
484 2382 525 2421 ΙΙ,
554 2382 634 2421 104,
676 2383 732 2421 111,
761 2382 824 2421 70,
860 2393 1003 2424 quorum
1033 2394 1138 2417 unum
1162 2385 1249 2429 Top.
1276 2385 1321 2418 9⁶2
1350 2386 1417 2419 huc
1442 2386 1668 2419 transferam:

158 2433 336 2472 ‘defensor
368 2439 500 2480 aliquid
532 2445 682 2483 opponat
713 2441 756 2472 de
786 2439 914 2473 tribus:
949 2447 1006 2473 aut
1031 2451 1098 2475 non
1124 2455 1202 2477 esse
1226 2444 1353 2477 sactum
1384 2450 1458 2482 aut,
1491 2446 1521 2478 si
1547 2446 1592 2478 sit
1618 2444 1670 2477 fa-

161 2503 252 2530 ctum
275 2496 370 2528 aliud
395 2497 470 2529 eius
495 2497 578 2529 facti
602 2508 723 2531 nomen
752 2509 832 2532 esse
861 2507 918 2532 aut
942 2502 1015 2534 iure
1041 2512 1118 2535 csse
1142 2502 1289 2535 factum:
1324 2504 1437 2544 itaque
1463 2508 1520 2535 ant
1544 2502 1671 2535 infitia-

163 2555 208 2588 lis
233 2559 291 2586 aut
313 2554 553 2587 coniecturalis
578 2557 691 2598 prima
716 2558 922 2601 appelletur,
951 2559 1127 2593 definitiva
1146 2561 1264 2599 altera,
1292 2562 1404 2599 tertia,
1425 2562 1582 2602 quamvis
1597 2571 1684 2593 mo-.

162 2613 290 2645 lestum
314 2621 439 2645 nomen
464 2612 531 2645 hoc
556 2614 613 2652 sit,
636 2614 844 2650 iuridicialis
866 2612 1031 2653 vocetur.'
1081 2619 1322 2652 coniecturalis
1341 2619 1593 2652 constitutionis
1612 2618 1671 2650 de-

166 2670 390 2714 scriptionem
413 2671 579 2714 praebent
605 2672 710 2705 verba
734 2675 956 2719 Antiphontis
981 2676 1115 2717 V1,18
1146 2669 1274 2709 ὁπόσα
1305 2671 1435 2720 λάθρᾳ
1466 2684 1668 2717 πραττεται

164 2725 231 2761 καὶ
256 2721 320 2760 ε’πι
342 2722 502 2773 θανάτῳ
527 2725 804 2773 βουλευθέντα,
825 2744 881 2766 ων
904 2729 957 2777 μή
981 2731 1052 2767 εἰσι
1079 2745 1284 2778 μαρτυρες,
1312 2729 1458 2776 ἀνάγκη
1480 2743 1568 2775 περι
1593 2742 1669 2764 των

164 2780 352 2819 τοιούτων
377 2779 415 2826 ἐξ
436 2779 565 2819 αὐταῖν
587 2784 664 2819 τῶν
689 2782 813 2831 λόγων
836 2791 912 2825 τῶν
938 2803 976 2825 τε
1000 2792 1071 2826 τοῦ
1091 2789 1308 2836 κατηγόρου
1329 2804 1393 2826 και
1415 2790 1485 2824 τοῦ
1512 2801 1672 2832 αποκρι-

165 2841 332 2887 νομένου
358 2839 649 2888 (κρινομένουῖ)
673 2840 745 2888 τὴν
768 2844 975 2892 διάγνωσιν
999 2851 1201 2883 ποιεῖσθαι
1222 2850 1287 2884 καὶ
1311 2846 1494 2894 θηρεύειν
1515 2861 1579 2881 και
1607 2843 1670 2881 ε’πι

163 2896 326 2945 σμικρὸν
351 2895 539 2934 ὑπονοεῖν
559 2897 607 2936 τὰ
625 2898 808 2947 λεγόμενα
834 2905 898 2939 καὶ
928 2903 1146 2947 εἰκάζοντας
1171 2907 1314 2950 μᾶλλον
1340 2902 1366 2951 ἢ
1390 2904 1495 2950 σάφα
1519 2902 1670 2946 εἰδότας

1304 2966 1380 3006 15*
