1923 3182
812 190 842 225 N
855 190 882 225 Ο
898 189 927 224 Τ
939 191 971 225 Α
985 190 1026 225 Ε.
1593 188 1678 231 269

179 306 263 337 (11105
290 307 356 338 (1110
389 303 541 341 tempore
576 305 631 331 aut
663 311 728 341 quo
763 300 836 332 loco
872 307 928 333 aut
962 302 1085 342 quibus
1117 302 1337 335 facultatibus
1370 314 1540 336 armorum
1573 315 1676 347 pecu-

178 356 255 387 niae
287 357 457 388 sociorum
492 359 664 400 possimus
700 360 757 391 uti'
792 361 1033 401 requirendum
1067 366 1128 392 est.
1189 362 1317 393 Cornif.
1355 372 1420 394 non
1457 364 1562 405 tangit
1602 363 1677 395 efii-

177 414 290 446 ciendi
336 415 535 448 facilitatem
584 424 638 448 aut
684 417 939 454 difficultatem,
986 419 1115 460 quippe
1156 430 1241 459 quac
1285 421 1316 450 in
1359 421 1523 452 rationem
1571 426 1675 453 tutam

176 477 233 503 aut
264 472 441 505 honestam
471 485 536 506 non
570 476 670 507 debet
696 475 820 507 habere
846 477 986 518 gravius
1018 483 1236 508 momentum.
1290 484 1419 509 tutam
1453 479 1672 512 honestam

176 531 365 572 asyndeton
392 538 442 564 651
469 539 501 564 111
532 534 573 572 ΙΙ,
602 534 654 571 17,
683 534 726 566 31
754 532 854 575 (bis).
959 539 986 565 4.
1018 534 1231 566 instantis
1264 536 1453 578 periculi
1489 537 1670 568 vitatio-

176 598 265 620 nem
292 595 325 621 ut
352 590 422 622 Cic.
451 591 607 623 discessu
633 602 695 623 suo
723 602 793 624 rem
819 592 992 634 publicam
1019 593 1085 624 sibi
1111 603 1267 626 servasse
1295 594 1492 633 videbatur,
1520 605 1554 637 p.
1583 595 1670 627 Sest.

175 646 231 679 49.
259 667 302 672 —
353 655 380 680 5.
406 649 614 680 tribuitur
641 655 672 681 et
698 660 804 692 supra
830 650 861 689 Ι,
890 651 911 681 2
945 651 1182 683 revocavimus
1209 658 1239 684 et
1268 653 1512 686 restituendum
1539 659 1589 686 est
1615 665 1669 696 ap.

175 704 245 737 Cic.
275 706 345 737 lnv.
377 707 410 745 I,
439 707 496 747 58,
523 707 580 746 61,
604 709 653 745 ΙΙ,
686 709 725 741 17
752 719 794 741 ex
821 710 971 751 optumis
994 709 1102 741 libris.
1204 717 1246 742 10.
1271 713 1500 744 mentione.
1539 713 1673 744 Ernesti

173 761 238 794 hoc
272 763 356 796 bene
389 765 630 808 interpretatur
667 768 708 799 de
740 778 865 809 genere
900 774 930 799 et
959 768 1100 800 artificio
1135 769 1296 809 sallemli,
1325 772 1417 811 quod
1450 772 1535 803 inest
1559 772 1590 802 in
1618 781 1669 808 eo,

173 830 275 860 quom
299 821 455 855 homines
483 825 546 863 iis,
579 836 664 866 quos
689 826 848 868 decipere
877 831 909 858 et
936 827 1065 859 illicere
1092 829 1125 859 111
1152 828 1308 861 fraudem
1335 829 1468 868 volunt,
1496 841 1513 861 e
1538 830 1668 872 longin-

173 889 239 919 quo
272 881 452 913 ostendunt
483 893 580 926 spem
615 894 680 916 non
707 885 922 928 pollicendo,
950 892 1001 918 set
1034 892 1162 920 tantum
1189 888 1298 920 obiter
1326 888 1357 919 in
1381 890 1596 921 sermonibus
1622 890 1671 921 ia-

173 938 314 978 ciendo,
343 941 434 980 quod
466 950 563 983 spem
594 942 709 974 faciat.
816 950 859 975 11.
893 944 941 975 de
974 955 1015 976 re
1052 944 1248 977 militari.
1299 947 1348 978 sic
1376 948 1499 980 omittit
1525 949 1670 990 scriptor

171 995 205 1027 11.
227 995 248 1030 l.
277 1008 363 1039 quae
390 999 621 1032 Anaximenes
646 1000 747 1033 habet
776 1001 830 1041 15,
859 1002 903 1035 18
928 1014 1002 1044 sqq.
1106 1010 1146 1039 15.
1175 1004 1245 1039 Cic.
1266 1006 1338 1040 lnv.
1363 1007 1412 1046 ΙΙ,
1445 1006 1508 1039 159
1532 1008 1669 1039 easdem

171 1060 285 1096 partes
311 1055 424 1096 habet,
450 1063 500 1090 set
528 1059 729 1092 modestiam
752 1061 904 1104 appellat
923 1063 1196 1105 temperantiam.
1248 1064 1440 1106 simplicius
1460 1076 1560 1106 quam
1582 1074 1670 1098 uter-

171 1123 236 1154 que
263 1114 404 1148 Aristot.
430 1116 529 1149 Rhet.
560 1117 586 1156 Ι,
616 1118 637 1149 9
664 1120 805 1151 virtutes
832 1120 1008 1152 describit.
1060 1122 1298 1163 prudentia
1331 1131 1397 1155 est
1432 1124 1669 1157 calliditas

170 1190 216 1196 —
248 1174 535 1216 negotiorum.
598 1175 753 1209 Ciceroni
787 1178 857 1209 Inv.
890 1179 938 1217 11,
976 1178 1249 1222 Imprudentia
1276 1181 1384 1213 tribus
1408 1182 1564 1223 partibus
1590 1192 1670 1213 con-

169 1236 258 1263 stare
292 1232 445 1264 videtur:
480 1235 645 1266 memoria
675 1236 909 1279 intellegentia
944 1239 1172 1280 providentia.
1280 1246 1321 1271 19.
1350 1240 1394 1272 cf.
1424 1240 1493 1273 Cic.
1523 1242 1593 1272 lnv.
1626 1242 1667 1281 ΙΙ,

172 1288 256 1322 16οε
279 1285 423 1323 ‘iustitia
452 1297 502 1324 est
532 1292 668 1326 habitus
693 1296 797 1327 animi
823 1297 995 1329 communi
1024 1297 1170 1330 utilitate
1195 1305 1395 1331 conservata
1422 1310 1518 1331 suam
1546 1300 1668 1340 cuique

170 1348 320 1380 tribuens
345 1349 572 1392 dignitatem.’

259 1406 323 1446 84,
352 1413 378 1439 1.
408 1407 477 1440 Cic.
503 1409 574 1440 Inv.
601 1410 650 1448 ΙΙ,
682 1410 747 1444 162
765 1405 944 1445 ‘fortitudo
971 1420 1022 1445 est
1049 1415 1265 1447 considerata
1292 1416 1521 1458 periculorum
1549 1427 1666 1448 susce-

167 1463 238 1505 ptio
270 1470 302 1496 et
335 1465 489 1497 laborum
520 1468 721 1509 perpessio:
756 1470 830 1502 eius
868 1477 999 1513 partes:
1036 1473 1291 1515 magnificentia
1329 1474 1469 1506 fidentia
1501 1475 1664 1517 patientia

166 1516 444 1563 perseverantias
495 1525 557 1556 has
591 1526 714 1558 deinde
739 1534 854 1570 partes
888 1529 1016 1561 definit.
1075 1531 1177 1563 etiam
1209 1534 1474 1574 temperantiae,
1501 1543 1588 1574 quae
1614 1539 1663 1564 cst

160 1574 316 1614 ‘rationis
342 1583 376 1614 in
399 1583 587 1616 lubidinem
614 1590 714 1626 atque
738 1588 772 1618 in
799 1588 885 1620 alios
911 1599 976 1621 nou
1003 1595 1113 1621 rectos
1140 1591 1274 1632 inpetus
1299 1592 1403 1622 animi
1428 1591 1525 1623 firma
1545 1598 1576 1623 et
1593 1602 1664 1623 mo‘

165 1640 282 1672 derata
312 1635 510 1674 dominatio'
544 1649 610 1675 tres
641 1645 683 1676 ab
721 1656 760 1678 eo
792 1652 908 1689 partes
941 1649 1196 1680 describuntm·:
1241 1651 1448 1682 continentia
1482 1651 1663 1683 clementia

164 1698 343 1731 modestia.
439 1707 467 1734 8.
492 1702 545 1734 ad
571 1703 861 1747 disciplinam
885 1707 984 1739 lectio
1011 1708 1140 1740 codicis
1159 1717 1187 1739 π
1206 1714 1274 1747 651,
1301 1710 1393 1749 quod
1419 1720 1551 1749 moneo,
1580 1711 1660 1750 qnia
1686 1711 1708 1742 4

157 1750 227 1790 ‘ad'
252 1759 379 1791 excidit
402 1760 437 1791 in
464 1761 627 1794 varietate
654 1763 822 1797 lectionis.
869 1759 1105 1809 ‘disciplinam
1131 1760 1320 1799 scientiam’
1347 1773 1398 1800 est
1422 1769 1456 1800 iu
1474 1768 1570 1810 hplc¹‚
1595 1762 1662 1800 ‘di-

162 1816 344 1859 sciplinam
369 1824 426 1850 aut
449 1820 637 1853 scientiam'
666 1822 699 1853 in
725 1823 832 1865 eyrffl.
884 1825 974 1857 unde
1000 1825 1102 1857 facile
1127 1826 1330 1858 nascebatur
1349 1827 1495 1870 suspitio
1519 1827 1663 1860 alterum

162 1875 303 1908 alterius
336 1877 494 1909 vocabuli
527 1878 702 1921 glossema
733 1892 822 1917 esse.
874 1883 942 1915 iam
980 1884 1214 1928 intellegetur,
1251 1886 1308 1926 qui
1338 1891 1416 1917 nata
1442 1887 1486 1918 sit
1512 1887 1660 1930 volgata,

155 1926 465 1976 ‘disciplinabilem
497 1936 704 1970 scientiam’:
738 1940 785 1971 ita
817 1941 948 1973 scilicet
981 1943 1125 1974 scientia
1155 1943 1199 1974 ad
1239 1943 1460 1986 disciplinam
1492 1945 1660 1987 (faciens)

161 1992 421 2034 explicabatur3
446 1993 575 2026 Cornif.
604 1995 753 2036 loquitur
778 1998 820 2030 de
846 1999 1000 2031 doen-lna
1022 2001 1066 2032 ad
1088 2001 1368 2033 exercitationem
1391 2004 1659 2040 accommodata,

161 2060 228 2091 qna
253 2050 409 2082 adhibita
435 2050 572 2085 Facilius
607 2061 808 2087 exercentur
841 2057 1018 2100 discipuli.
1077 2058 1126 2089 sic
1163 2059 1296 2089 Ernesti
1330 2060 1421 2092 istud
1443 2054 1662 2104 ‘disciplina-

161 2101 274 2140 bilem’
313 2113 404 2141 recte
435 2112 587 2153 accepit,
617 2122 681 2144 non
719 2119 808 2146 recte
842 2115 921 2147 111116
948 2116 1107 2158 scriptori
1134 2115 1396 2156 relinquendum
1426 2129 1502 2150 esse
1529 2121 1658 2164 statujt,

160 2167 252 2206 quod
277 2167 311 2198 in
333 2167 554 2200 Tertullianis
578 2169 807 2203 Cassiodoriis
832 2172 976 2204 Alcimis
1003 2173 1140 2205 demum
1163 2174 1342 2207 tolerabile
1365 2181 1426 2210 651.
1526 2182 1569 2209 10.
1599 2179 1657 2210 rei

159 2229 308 2266 gestae
333 2233 617 2268 praesentem
641 2248 687 2253 —
712 2231 973 2263 memoriam.
1000 2231 1033 2266 h.
1064 2243 1092 2263 e.
1124 2243 1225 2273 quam
1251 2243 1322 2265 rem
1345 2235 1576 2275 recordamur,
1603 2237 1657 2268 cni

159 2282 226 2325 ipsi
247 2283 477 2316 interfuimus.
528 2287 688 2319 similiter
709 2288 797 2321 infra
819 2289 967 2330 loquitur
993 2289 1049 2329 87,
1079 2290 1118 2322 l:
1149 2283 1338 2324 ‘laudabile
1365 2299 1432 2332 est,
1461 2294 1552 2334 quod
1577 2305 1656 2326 con—

157 2339 227 2372 ficit
261 2340 441 2374 honestam
470 2360 517 2367 —-
545 2352 761 2387 praesentem
795 2342 1178 2381 commemorationem.'
1301 2357 1344 2383 16.
1372 2353 1417 2383 ⁴si
1457 2352 1577 2396 leges
1613 2371 1659 2376 —

157 2400 337 2431 servari.
389 2403 559 2434 sententia
584 2409 766 2436 exornatur
790 2415 810 2436 a
835 2405 1011 2438 Demostli.
1040 2407 1168 2446 XXIII,
1195 2408 1345 2441 22—69.

248 2456 306 2496 85,
332 2463 359 2492 1.
389 2459 574 2492 colenda
598 2462 662 2494 etsi
689 2462 730 2493 ab
758 2464 908 2505 optumis
936 2463 1034 2497 libris
1061 2465 1212 2498 oblatum
1238 2469 1394 2511 accipere
1419 2479 1552 2505 vereor,
1580 2470 1656 2513 plu—

156 2514 251 2547 ribus
276 2516 368 2548 enim
392 2518 588 2551 nominibus
615 2522 752 2562 generis
779 2520 936 2553 feminini
961 2523 1080 2556 durius
1107 2524 1318 2568 adiungitur.
1421 2534 1449 2559 2.
1486 2538 1564 2560 uec
1597 2531 1655 2561 si-

155 2572 336 2605 multate
361 2579 396 2606 ut
424 2573 492 2608 Cic.
523 2576 565 2608 de
590 2588 643 2620 pr.
674 2588 769 2613 cons.
798 2581 830 2619 2,
862 2579 916 2613 18.
944 2600 991 2604 -
1038 2589 1068 2614 5.
1097 2582 1345 2617 faciendam
1372 2586 1450 2618 Ern.
1479 2586 1666 2629 glossema

155 2641 232 2663 esse
257 2633 472 2674 pronuntiat,
499 2636 597 2675 quasi
623 2635 799 2669 Ciceronis
825 2649 928 2679 usus,
962 2642 1019 2681 qui
1053 2642 1148 2677 Fam,
1183 2643 1249 2683 IX,
1283 2645 1303 2676 2
1325 2637 1402 2676 ‘tibi
1427 2645 1492 2678 hoc
1518 2638 1651 2677 censeo'

153 2689 304 2730 scripsit,
330 2689 562 2725 obtrudendas
587 2694 632 2725 sit
658 2694 850 2731 Cornificio.
969 2705 997 2730 9.
1031 2701 1161 2741 sequi
1197 2707 1238 2733 et
1273 2703 1438 2745 appeti.
1489 2703 1648 2744 exempla

154 2746 256 2778 huius
288 2758 450 2790 generum
484 2752 731 2785 coniunctionis
762 2755 861 2787 affert
898 2756 1038 2791 Lachm.
1082 2759 1126 2790 ad
1158 2759 1232 2792 Gai.
1266 2771 1301 2803 p.
1341 2760 1408 2794 312
1442 2762 1544 2792 etiam
1585 2760 1649 2791 1106

155 2810 268 2837 nostro
294 2815 403 2848 usus*i
473 2814 517 2841 10.
546 2811 612 2842 vel
640 2812 756 2845 viros
784 2813 931 2847 fortes.
972 2817 1141 2859 particula
1166 2819 1314 2851 varietas
1342 2818 1497 2850 lectionis
1520 2819 1651 2849 indica-

154 2870 224 2901 tur,
259 2870 294 2895 ut
328 2866 476 2908 passim;
513 2869 631 2901 viros
664 2870 802 2904 fortes
833 2879 945 2906 autem
979 2876 1020 2907 ab
1056 2877 1097 2908 iis
1126 2882 1314 2907 correctum
1339 2883 1408 2916 cst,
1445 2876 1501 2915 qui
1528 2884 1647 2906 nomen

1675 2706 1695 2736 ω

154 2923 387 2955 desiderarent
419 2924 460 2955 ab
493 2932 692 2969 oportere
726 2932 901 2971 pendens,
940 2935 1047 2965 nescii
1080 2934 1168 2966 hunc
1201 2936 1400 2976 scriptorem
1432 2935 1646 2976 saepissume
