1907 3166
260 167 344 211 276
911 171 1130 208 NOTAE.

261 294 334 315 raro
371 284 547 322 convenit,
582 289 617 315 ut
650 284 698 315 rei
731 289 886 322 actores,
918 292 983 314 non
1019 282 1159 314 vivendi
1193 287 1434 324 praeceptores
1460 281 1640 314 videamur
1665 274 1763 314 esse'.

260 352 523 385 nuperrnme
548 343 705 374 dictum
729 343 752 376 i.
772 353 801 374 e.
830 343 862 374 in
891 348 1044 374 extrema
1071 341 1244 377 oratione,
1271 339 1315 372 cf.
1338 340 1363 378 Ι,
1393 339 1436 373 10
1461 339 1536 381 (10,
1557 339 1630 382 10).
1653 357 1701 364 —-
1731 347 1760 373 ’1.

197 400 234 433 10
261 401 472 443 comparatio
499 401 587 433 redit
611 408 692 444 aput
719 401 788 433 Cic.
814 401 868 435 Br.
903 399 986 438 1:39,
1018 399 1132 438 Quint.
1161 400 1238 435 Vll.
1266 399 1330 439 10,
1367 397 1419 431 13.
1447 417 1494 422 -
1545 404 1587 431 to.
1614 399 1657 432 de
1682 408 1763 442 pro-

259 460 468 491 nuntiatione
496 460 528 490 in
556 460 678 502 volgus
706 465 821 491 notum
849 459 1090 491 Demosthenis
1116 459 1243 490 dictum
1275 464 1345 496 est,
1380 459 1433 490 cui
1459 457 1578 490 Cicero
1603 457 1761 501 adstipu-

258 518 345 549 latur
371 518 462 549 Brut.
495 517 580 555 142,
610 517 652 549 de
680 527 728 549 or.
759 517 817 554 Ill,
848 516 936 559 213,
975 519 1030 549 Or.
1060 517 1116 551 56.
1175 527 1237 560 pro
1264 516 1425 559 exemplo
1458 516 1603 548 actionis
1627 516 1759 548 medio-

257 587 346 608 crem
373 582 541 607 oratorem
566 576 835 608 commendantis
861 586 937 608 esse
963 582 1093 619 potest,
1129 575 1221 617 quod
1255 574 1325 607 Cic.
1354 575 1396 607 de
1423 574 1484 608 Cn.
1510 573 1656 607 Lentulo
1683 584 1760 606 nar-

257 640 325 668 rat.
361 634 453 667 Brut.
491 632 578 666 234:
609 627 681 675 ‘qui
711 644 812 675 quom
846 640 934 666 esset
970 644 1031 666 nec
1066 639 1248 677 peracutus
1271 643 1407 665 —nec
1440 632 1620 665 abundans
1643 631 1759 665 verbis

254 713 301 718 —
327 694 376 725 sic
402 693 591 724 intervallis
617 693 926 725 exclamationibus
960 703 1043 725 voce
1077 693 1176 725 suavi
1203 699 1234 724 et
1263 702 1388 724 canora
1415 691 1620 724 admiranda
1645 691 1760 735 digni-

254 759 320 784 tate
340 751 475 782 valebat
503 751 535 782 in
560 751 714 793 agendo,
743 758 778 783 ut
799 762 859 789 ea,
889 762 974 793 quae
995 752 1152 786 deerant,
1179 761 1246 782 non
1265 742 1567 783 desiderarentur’.
1599 751 1649 782 sic
1668 750 1758 785 enim

253 811 398 854 legenda
420 810 670 842 existtnnamus
696 810 880 842 multorum
907 812 1111 843 coniecturis
1139 816 1273 843 vexata.
1309 810 1454 842 alterurn
1473 810 1547 842 eius
1565 809 1615 841 rei
1640 818 1757 841 exem-

252 870 345 912 plum
373 869 436 912 (ex
462 869 650 906 contrario)
678 868 833 900 Laelium
860 870 1040 911 ponimus,
1069 868 1182 911 (Brut.
1202 867 1267 909 86)
1293 869 1349 909 qui
1371 877 1473 909 quom
1498 868 1532 899 in
1553 867 1756 900 defensione

255 928 519 970 puplicanorum
546 927 706 959 adcurate
733 926 974 969 eleganterque
1001 927 1147 959 diceudo
1176 937 1297 970 parum
1325 926 1549 970 profecisset,
1580 927 1656 969 ipse
1686 925 1755 958 illis

253 993 370 1019 auctor
400 986 480 1018 fuit.
501 993 537 1017 nt
560 996 698 1018 causam
725 996 822 1018 suant
850 985 924 1018 Ser.
947 986 1075 1018 Galbae
1102 987 1356 1024 conmitterent,
1384 985 1475 1027 quod
1497 985 1526 1018 is
1552 985 1586 1018 in
1608 985 1754 1018 dicendo

253 1045 416 1078 adhortor
453 1046 632 1086 acriorque
669 1041 769 1077 csset'
811 1045 868 1077 ubi
911 1045 1089 1077 nobiscnm
1127 1045 1238 1077 scribe
1272 1038 1460 1076 ‘actuosior
1496 1054 1528 1079 a.
1577 1037 1620 1080 e.’
1655 1043 1754 1076 adhi-

251 1105 319 1136 bito
347 1104 416 1136 Cic.
443 1103 497 1135 Or.
533 1105 597 1136 125
628 1097 720 1135 ‘sunt
753 1113 914 1136 maxume
947 1104 1136 1136 luminosae
1169 1110 1199 1135 et
1227 1104 1326 1144 quasi
1363 1108 1524 1136 actuosae
1549 1101 1753 1146 (orationis)

250 1170 364 1205 partes
392 1156 502 1194 duae'.
601 1169 643 1195 tl.
673 1172 796 1194 unum
835 1162 883 1194 de
919 1164 1107 1204 quinque
1134 1162 1275 1197 rebus,
1335 1162 1492 1205 enallage
1517 1162 1655 1205 generis
1681 1171 1753 1194 ser-

250 1221 361 1252 vanda
396 1220 478 1255 suit.
516 1222 666 1263 optumis
703 1221 800 1253 libris
831 1222 955 1253 tradita
999 1227 1029 1253 et
1069 1221 1241 1264 exemplis
1277 1220 1493 1258 confirmata,
1532 1225 1568 1252 ut
1608 1221 1663 1262 ΙΙ,
1710 1220 1751 1252 17

250 1277 326 1318 (43,
357 1278 428 1313 ll).

178 1343 223 1373 ⁸2⁴)
347 1337 422 1377 100,
447 1345 474 1371 5.
504 1337 622 1369 cadem
650 1337 774 1369 divisio
801 1343 851 1369 est
878 1348 934 1380 ap.
961 1337 1030 1370 Cic.
1066 1338 1160 1370 Brut.
1196 1338 1274 1371 141.
1302 1338 1358 1370 Or.
1387 1338 1444 1373 55.
1502 1343 1647 1380 utroque
1675 1337 1750 1371 loco

246 1397 360 1438 aptius
386 1397 474 1427 actio
501 1396 643 1434 dicitnr,
671 1397 763 1437 quod
789 1395 845 1429 hic
870 1403 920 1428 est
946 1398 1193 1439 pronuntiatio.
1301 1401 1344 1429 10.
1379 1407 1479 1429 cura
1510 1395 1639 1430 Schfitz
1675 1406 1750 1429 cor-

246 1456 334 1486 rexit
360 1456 575 1498 prospiciens
602 1455 645 1487 ad
676 1455 750 1493 ¹01,
781 1455 818 1493 1;
846 1455 937 1487 idem
979 1462 1006 1487 tt
1031 1449 1134 1488 ‘ratio
1161 1448 1261 1488 deel.'
1289 1461 1322 1488 et
1360 1460 1394 1489 13
1413 1448 1620 1488 ‘moderatio
1647 1449 1748 1488 decl?

245 1515 342 1545 (luxit
369 1525 410 1545 ex
443 1514 518 1553 101,
546 1516 568 1546 4
594 1520 625 1546 et
652 1514 685 1548 6.
713 1532 761 1537 —-
810 1514 852 1546 de
879 1525 960 1546 cura
982 1516 1078 1547 vocis
1110 1514 1216 1547 multa
1247 1514 1359 1546 attulit
1393 1514 1507 1554 Quint.
1536 1514 1604 1554 XI,
1625 1513 1666 1556 3,
1691 1513 1745 1548 19.

247 1591 289 1596 --
341 1580 382 1604 ιι».
412 1579 453 1604 ιιι
488 1583 578 1605 eam
612 1578 819 1614 torquere
849 1591 897 1598 —-
928 1574 1156 1615 possimus
1182 1573 1340 1616 pluribus
1367 1573 1520 1616 explicat
1545 1572 1658 1611 Quint.
1685 1572 1745 1609 ΧΙ,

243 1632 276 1665 3.
305 1632 368 1663 40:
392 1625 457 1663 ‘cst
486 1631 654 1672 quaedam
682 1630 956 1674 (pronuntiatio)
981 1650 1028 1654 —
1054 1632 1186 1664 habeus
1220 1633 1331 1664 omnis
1364 1632 1398 1663 iu
1429 1641 1485 1672 se,
1525 1632 1583 1673 qui
1608 1631 1746 1664 deside—

242 1696 376 1728 rantur,
405 1698 508 1720 sonos
536 1689 808 1730 intentionesque
839 1695 872 1721 et
898 1696 986 1728 toto,
1014 1691 1183 1729 maium,
1213 1699 1341 1733 organo
1367 1683 1557 1725 instructa.’

338 1747 414 1780 101,
437 1753 465 1778 2.
495 1757 577 1779 cura
604 1746 645 1778 de
669 1756 736 1787 qua
760 1746 815 1778 hic
840 1748 971 1789 agitur.
999 1754 1049 1779 est
1075 1748 1257 1780 diaetetica
1281 1754 1313 1780 et
1334 1748 1480 1781 medica.
1502 1766 1550 1771 -—
1585 1753 1628 1780 13.
1656 1758 1744 1780 ser-

244 1815 404 1837 monem
432 1806 533 1839 dicit.
562 1806 619 1846 qui
645 1806 752 1837 oratio
779 1811 830 1837 est
857 1806 1001 1838 remissa
1025 1811 1057 1838 et
1076 1806 1232 1838 finituma
1257 1806 1451 1839 cotidianae
1477 1806 1654 1839 locutioni.

171 1866 209 1897 “l
338 1864 415 1901 102,
443 1870 467 1895 1.
497 1864 662 1906 integri
687 1863 721 1895 h.
751 1863 775 1894 l.
806 1864 1057 1906 interpreteris:
1085 1865 1242 1897 intactus.
1294 1864 1374 1897 hinc
1399 1865 1556 1898 derivare
1581 1864 1661 1898 licet
1683 1875 1744 1898 uo-

243 1921 367 1953 tionem
392 1915 472 1953 ‘non
500 1915 696 1964 occupatus'
725 1931 791 1963 qua
817 1921 972 1953 adhibita
996 1922 1094 1962 vide,
1130 1932 1211 1954 num
1239 1922 1310 1956 Cic.
1338 1933 1374 1966 p.
1400 1922 1493 1956 Sest.
1521 1923 1564 1956 12
1590 1923 1742 1956 dederit:

237 1973 362 2021 ‘neque
397 1991 548 2022 unquam
582 1980 729 2013 Catilina
759 1990 860 2022 quom
892 1999 936 2004 —
972 1987 1101 2014 aestate
1131 1982 1283 2025 integros
1313 1987 1433 2015 nactus
1464 1982 1545 2015 illos
1579 1982 1678 2015 callis
1709 1989 1742 2016 et

241 2045 415 2081 pastorum
439 2039 574 2071 stabula
599 2039 759 2082 praedari
787 2041 978 2082 coepisset,
1011 2041 1085 2073 sine
1111 2041 1218 2073 multo
1245 2042 1414 2085 sang-uine
1436 2059 1485 2064 —
1509 2035 1739 2078 concidisset'.

238 2104 268 2131 2.
298 2106 446 2130 acutas
482 2109 515 2130 v.
551 2098 659 2133 excl.
696 2098 740 2130 cf.
779 2097 894 2136 Quint.
922 2099 988 2135 XI.
1022 2099 1062 2139 3,
1098 2100 1154 2133 51.
1186 2118 1232 2123 —
1279 2107 1308 2133 8.
1337 2110 1418 2141 qua
1441 2100 1556 2133 minus
1577 2101 1741 2134 usitatum

238 2156 440 2189 adverbium
467 2157 530 2199 (cf.
559 2157 636 2191 Ter.
667 2157 734 2191 Ad.
761 2157 818 2193 IV.
839 2159 872 2196 ἵ),
898 2157 962 2201 56)
987 2159 1188 2191 auctoritate
1214 2159 1343 2191 codicis
1366 2168 1404 2200 p,
1430 2169 1452 2191 a
1476 2159 1574 2191 cuius
1595 2159 1741 2192 lectione

237 2225 405 2257 ptoxume
433 2216 547 2255 abest,
582 2215 674 2257 quod
699 2215 824 2259 legitur
848 2217 883 2248 in
908 2215 960 2256 he,
987 2217 1095 2249 malui
1114 2227 1243 2260 ponere
1265 2227 1368 2258 quam
1389 2216 1550 2260 exemplo
1571 2217 1740 2261 Madvigii

236 2273 460 2306 simillumum
494 2275 606 2307 locum
639 2273 731 2306 infra
756 2275 776 2314 5
809 2274 854 2307 28
879 2274 988 2318 (109,
1014 2274 1055 2317 6)
1095 2276 1300 2319 corrigentis
1324 2275 1370 2308 ad
1396 2274 1467 2308 Cic.
1496 2275 1540 2308 de
1565 2275 1640 2311 Fin.
1668 2275 1739 2309 428

246 2341 311 2372 quo
339 2326 449 2365 modo'
477 2332 533 2366 bic
558 2343 692 2375 quoque
718 2333 858 2366 inferre.
910 2339 1023 2376 potest
1051 2340 1164 2367 autem
1190 2334 1285 2367 locus
1317 2334 1403 2367 alter
1427 2344 1470 2366 ex
1489 2333 1596 2367 altero
1622 2345 1737 2368 emen-

238 2390 331 2421 dari.
369 2391 451 2422 illuc
486 2385 759 2424 transtulimus
766 2385 856 2434 qua'‚
891 2386 988 2425 huc‘
994 2385 1087 2425 item'
1114 2393 1147 2424 in
1175 2393 1334 2437 apodosi.
1392 2393 1561 2426 sententia
1592 2393 1695 2426 etiam
1716 2404 1738 2427 a

235 2447 306 2480 Cic.
335 2448 377 2480 de
404 2459 453 2483 or.
483 2451 541 2489 ΙΙΙ,
573 2450 652 2489 178,
682 2449 746 2482 181
776 2450 968 2493 profertur:
990 2444 1042 2484 ‘id
1065 2469 1113 2474 —-
1137 2452 1279 2484 auribus
1300 2452 1427 2484 nostris
1450 2457 1586 2495 gratum
1611 2457 1663 2484 est
1683 2452 1735 2484 in-

233 2512 391 2547 ventum,
426 2508 517 2547 quod
550 2507 727 2540 hominum
760 2508 925 2541 lateribus
957 2520 1024 2543 non
1056 2510 1236 2543 tolerabile
1261 2510 1393 2551 solum,
1426 2516 1478 2543 set
1504 2511 1607 2543 etiam
1631 2510 1735 2544 facile

234 2574 309 2596 esse
340 2557 472 2606 possit’,
508 2571 539 2596 et
564 2576 582 2596 a
616 2565 731 2603 Quint.
760 2567 847 2603 VIII.
876 2567 909 2608 3,
938 2568 1000 2606 11,
1029 2568 1090 2607 ΧΙ,
1125 2567 1157 2607 3,
1185 2569 1243 2601 44.
1266 2587 1316 2594 —-
1347 2574 1375 2601 9.
1403 2569 1548 2612 gratia
1567 2579 1607 2602 eo
1630 2579 1734 2603 sensu

233 2621 290 2654 hic
315 2628 387 2662 est,
416 2632 482 2663 quo
505 2623 563 2659 lv,
591 2622 636 2655 3ss
663 2629 749 2655 extr.
779 2617 886 2665 ‘quod
915 2626 944 2657 si
970 2629 1130 2658 continuo
1157 2627 1316 2659 venisses
1345 2627 1391 2659 ad
1414 2627 1452 2659 id
1476 2627 1638 2667 verbum,
1670 2638 1734 2661 nec

231 2681 281 2711 rei
306 2690 369 2712 nec
392 2680 489 2712 verbi
512 2682 623 2723 gratia
649 2681 895 2714 animadvorsa
920 2676 1033 2716 esset'.
1111 2689 1156 2715 11.
1180 2685 1372 2716 attinent
1395 2685 1447 2717 ad
1467 2685 1730 2719 suavitatem

230 2739 615 2780 pronuntiationis
648 2739 779 2772 infelici
813 2742 1014 2772 correctoris
1057 2743 1192 2774 conatui
1225 2743 1408 2775 tribuenda
1437 2743 1539 2777 lectio
1564 2744 1648 2777 haut
1681 2750 1732 2777 at-

229 2797 400 2829 tendentis
425 2797 469 2829 ad
494 2799 690 2839 sequentia,
726 2799 760 2829 in
791 2799 915 2839 quibus
948 2809 1016 2831 non
1052 2799 1164 2832 solum
1190 2801 1233 2833 de
1256 2802 1445 2844 suavitate,
1484 2807 1536 2835 set
1559 2803 1662 2835 etiam
1687 2803 1730 2835 de

229 2856 476 2898 perspicuitate
509 2862 541 2888 et
573 2857 607 2888 vi
640 2857 805 2889 orationis
836 2858 961 2900 agitur.
1023 2857 1150 2890 fefellit
1185 2869 1263 2891 eum
1289 2859 1439 2893 fortasse
1461 2861 1617 2903 ineptum
1637 2870 1731 2893 sum-

158 2913 202 2945 22
228 2915 375 2946 marium
394 2913 579 2956 infra103‚
595 2914 705 2957 9sqq.
723 2917 888 2958 positum.
941 2921 983 2948 12.
1005 2916 1118 2948 idem
1137 2916 1360 2951 voluntati
1389 2918 1616 2952 auditoris
1637 2927 1731 2962 pro-
