1923 3182
772 202 979 239 NOTAE.
1543 200 1627 242 293

125 309 348 350 sequentibus
374 309 510 342 demum
536 315 711 344 tractatur.
808 320 836 347 ς.
872 324 953 355 qua
985 324 1026 346 re
1055 315 1222 347 veniam
1257 321 1347 348 recte
1375 317 1442 348 iam
1469 317 1559 350 Hase
1581 318 1626 351 ad
1652 320 1697 354 30

125 366 255 410 Reisig.
285 367 328 399 de
353 377 406 410 gr.
434 367 492 403 lat.
518 380 551 411 p.
580 369 648 402 693
675 371 814 402 notavit.
916 378 960 406 10.
994 372 1218 405 adfectata
1243 374 1403 406 dedimus
1430 386 1493 417 pro
1515 369 1627 409 ‘adfe-

125 418 257 457 ctanda'
283 434 322 457 eo
344 436 468 465 sensu,
495 437 560 468 quo
588 428 792 460 vocabulum
819 435 869 462 est
893 440 949 472 ap.
981 430 1094 468 Quint.
1123 432 1198 469 XII,
1227 433 1287 465 10:
1313 426 1480 465 ‘dandum
1508 439 1626 477 putant

125 493 192 515 non
214 482 299 515 nihil
327 494 402 516 esse
430 486 642 527 temporibus
670 491 771 526 atque
795 487 934 518 auribus
972 488 1114 520 nitidius
1146 489 1277 530 aliquid
1303 496 1403 531 atque
1435 491 1626 524 affectatius

126 535 390 584 postulantibus'
417 542 461 574 cf.
491 544 594 575 etiam
628 543 698 577 Cic.
733 543 774 576 dc
807 554 856 576 or.
887 545 950 582 ΙΙΙ,
984 545 1062 580 168.
1115 546 1217 580 buius
1244 549 1438 580 remotioris
1465 549 1626 581 similitu-

126 599 217 631 dinis
246 601 406 643 exempla
431 602 510 634 vide
543 601 613 636 Cic.
648 603 746 634 Verr.
777 604 828 641 II,
863 603 901 642 5,
940 603 985 636 59
1010 611 1041 636 et
1069 604 1125 637 84.
1165 624 1211 628 --
1262 612 1305 638 12.
1334 607 1399 638 hoc
1429 607 1626 649 exemplum

121 651 284 690 ‘demus
315 676 362 682 ——
394 653 613 702 putentur’
642 661 743 693 valde
774 662 988 704 vituperatur
1014 673 1033 694 a
1059 663 1170 701 Quint.
1201 664 1268 702 IX,
1301 664 1342 703 3,
1373 666 1413 698 71
1442 676 1514 707 sq.‚
1551 666 1621 706 qui,

125 716 268 758 opinor,
292 727 358 750 non
377 717 502 752 Crasso
522 728 563 751 ea
585 719 690 751 verba
712 719 849 759 tribuit,
881 727 914 751 ut
933 720 1067 752 Ellendt
1088 732 1143 764 ap.
1164 722 1304 755 Diibner
1320 722 1374 756 Or.
1392 724 1489 755 Rom.
1513 723 1555 758 fr.
1587 734 1621 766 p.

125 773 205 807 264.
233 793 280 798 —
329 781 373 810 17.
404 775 517 816 quod
548 782 760 809 vorsatur
783 778 822 809 in
849 788 1022 810 casuum
1048 782 1379 814 conmutatione
1406 787 1458 814 est
1483 781 1552 813 Cic.
1581 782 1623 814 de

124 841 174 866 or.
203 833 261 871 III,
284 833 351 866 207
372 828 480 874 ‘quod
505 834 540 865 in
563 834 678 867 multis
708 836 846 868 casibus
872 838 1033 879 ponitur',
1061 838 1174 876 Quint.
1203 839 1264 878 IX,
1283 839 1316 877 3,
1341 839 1386 873 36
1409 836 1460 871 ‘fit
1487 840 1624 874 casibus

124 909 171 913 —
201 891 266 923 hoc
291 891 450 931 schema,
485 893 576 934 quod
610 890 861 926 πολύπτωτῡν
891 889 1054 928 vocatur’.
1111 907 1150 929 eo
1183 898 1320 930 nomine
1355 898 1560 930 describitur
1582 899 1623 930 ab

124 937 286 993 Hermog.
313 960 352 983 π.
380 946 429 982 εδ.
456 950 536 990 ⁶288,
566 951 611 985 23
636 953 677 985 ab
703 953 802 986 Alex.
830 954 924 992 vni,
952 954 1038 993 473,
1074 955 1200 987 Herod.
1229 955 1316 996 598,
1343 956 1449 990 Rutu.
1479 956 1566 1000 Lup.
1595 958 1621 997 1,

125 1009 160 1043 9.
187 1009 302 1051 Aquil.
325 1009 423 1041 Rom.
447 1011 489 1051 11,
518 1010 573 1043 15.
601 1011 722 1044 eodem
748 1012 907 1055 exemplo
932 1013 1029 1047 Dem.
1057 1013 1184 1052 XVIII,
1206 1013 1273 1046 298
1301 1019 1438 1046 utuntur
1456 1015 1616 1058 Hermog.

124 1073 156 1101 et
178 1067 278 1100 Alex.
307 1078 363 1110 ap.
390 1067 460 1102 Cic.
489 1068 533 1101 cf.
558 1080 718 1102 maxume
744 1082 779 1114 p.
810 1070 924 1109 Quint.
953 1071 1010 1106 94.

218 1125 297 1165 158,
325 1133 351 1161 l.
379 1126 580 1160 deliberatio
605 1129 815 1169 Alexandri,
845 1140 887 1162 an
915 1130 1086 1162 Oceanum
1108 1131 1267 1172 naviget,
1302 1140 1408 1173 saepe
1433 1141 1452 1163 a
1479 1131 1623 1165 rhetori·
1648 1131 1690 1164 31

123 1185 186 1217 bus
211 1189 352 1217 tractata
377 1192 446 1226 est,
474 1186 545 1221 vid.
572 1186 693 1222 Senec.
721 1188 819 1220 Suas.
844 1190 875 1223 1.
904 1189 918 1221 I
948 1189 989 1231 (4
1016 1190 1069 1224 ed.
1101 1187 1199 1231 Bip.)
1227 1188 1341 1221 Contr.
1373 1190 1429 1228 III,
1458 1191 1503 1222 22
1529 1195 1615 1225 extr,

122 1251 149 1277 5.
179 1243 220 1275 in
245 1253 290 1275 eo
316 1254 364 1277 se.
393 1244 426 1275 in
450 1245 734 1278 administrando.
843 1254 870 1279 ³3.
906 1247 948 1279 de
982 1249 1077 1279 exitu
1105 1248 1298 1287 Saturnini,
1328 1248 1443 1287 Drusi,
1471 1247 1620 1291 Sulpicii

123 1301 167 1336 cf,
197 1301 286 1333 Vell.
313 1302 356 1339 II,
386 1301 439 1342 12,
470 1302 525 1342 13,
554 1303 609 1344 19,
637 1305 727 1339 Flor.
754 1305 814 1345 III,
844 1305 899 1340 16.

220 1358 338 1399 159,2.
365 1362 532 1393 sententia
558 1363 679 1395 eadem
707 1362 778 1395 fere
809 1364 851 1395 de
880 1364 933 1396 his
961 1365 1169 1396 ornamentis
1195 1363 1283 1395 redit
1309 1374 1364 1406 ap.
1389 1364 1459 1396 Cic.
1482 1363 1538 1397 Or.
1560 1364 1618 1405 84,
1647 1359 1692 1392 32

123 1417 165 1449 de
193 1427 242 1451 or.
271 1417 338 1457 III,
371 1417 436 1456 98,
466 1419 554 1457 214,
593 1420 712 1455 Senec.
746 1421 846 1457 Suas,
884 1423 903 1454 7
931 1422 991 1466 (50
1019 1423 1072 1454 ed.
1100 1421 1201 1465 Bip.)
1236 1421 1349 1460 Quint.
1385 1423 1474 1462 VIII,
1502 1422 1535 1460 3,
1566 1423 1620 1455 12.

122 1476 283 1518 Hermog.
312 1485 352 1510 π.
381 1471 431 1508 ἰὸ.
461 1476 542 1516 283,
570 1477 626 1513 13.
654 1497 701 1502 —
758 1486 806 1514 20.
833 1481 1068 1514 subiectio.
1122 1481 1228 1511 nostri
1256 1480 1360 1511 verba
1386 1479 1532 1512 fortasse
1558 1481 1623 1513 Ge·
1649 1484 1692 1517 33

123 1544 195 1577 org.
224 1535 432 1577 Trapezunt.
462 1536 522 1575 III,
550 1536 649 1568 Rhet.
678 1548 712 1580 p.
735 1538 780 1570 ‘28
805 1540 963 1582 respicit,
991 1539 1170 1582 explicans
1193 1539 1243 1571 sic
1269 1549 1344 1571 eam
1370 1538 1532 1581 figuram:
1557 1533 1625 1572 ‘est

122 1593 370 1635 argumentatio
398 1592 432 1623 in
460 1603 527 1633 qua
553 1596 767 1635 quaerimus,
803 1598 886 1638 quid
920 1608 980 1640 pro
1010 1598 1207 1630 adversario
1236 1601 1293 1628 aut
1325 1602 1441 1628 contra
1470 1607 1531 1630 nos
1558 1598 1626 1629 dici

123 1651 249 1692 possit,
282 1649 408 1682 deinde
438 1660 499 1692 per
531 1651 685 1694 singulas
722 1655 1008 1697 interrogationes
1038 1665 1186 1697 propere
1221 1655 1411 1687 subicimus
1442 1655 1623 1694 rationem,

124 1719 190 1749 qua
214 1707 267 1746 id,
294 1707 385 1748 quod
410 1707 538 1739 dictum
566 1714 636 1748 est,
665 1720 731 1743 non
753 1713 800 1743 ita
826 1724 903 1745 esse
930 1705 1166 1745 ostendimus’.
1219 1712 1443 1750 describitur,
1471 1723 1537 1744 non
1564 1723 1625 1755 ap-

121 1765 270 1809 pellatur
296 1776 316 1797 a
343 1765 413 1801 Cic.
447 1765 503 1801 Or.
541 1767 608 1800 138
633 1762 700 1802 ‘sic
726 1770 816 1803 dicet
841 1790 888 1794 ——
913 1778 948 1802 ut
974 1782 1078 1814 saepe
1105 1781 1181 1803 cum
1207 1771 1250 1801 iis
1284 1771 1341 1811 qui
1369 1771 1529 1807 audiunt,
1559 1781 1624 1802 non

122 1835 306 1865 numquam
333 1824 436 1856 etiam
460 1835 538 1857 cum
570 1826 773 1861 advorsario
808 1823 983 1862 deliberet'
1013 1821 1301 1862 ‘communicatio'
1335 1834 1385 1860 est
1415 1828 1623 1866 Quintiliano

65 1896 70 1901 ¹
124 1883 182 1921 IX,
209 1883 243 1921 2,
270 1881 332 1919 203
361 1881 480 1914 Graeci
502 1876 711 1926 ὑποφοράν
741 1897 769 1918 s.
797 1880 1108 1929 ἄνθυποφοροῖν,
1138 1898 1224 1929 quae
1251 1887 1390 1919 nomina
1416 1887 1491 1919 sine
1520 1897 1625 1920 causa

123 1939 303 1981 distinguit
327 1938 404 1973 Cur.
435 1940 606 1972 Fortunat.
633 1953 666 1984 p.
694 1942 758 1976 86:
792 1937 1012 1987 ‘hypophora
1047 1950 1097 1977 est
1134 1945 1276 1977 intentio
1310 1944 1478 1977 adversae
1512 1945 1622 1986 partis

122 1996 385 2039 anthypophora
409 2001 589 2041 responsio
617 1993 701 2032 eius'
728 2011 805 2032 nam
832 2012 886 2034 res
911 2003 1014 2034 etiam
1041 2003 1075 2033 in
1103 2003 1308 2035 contrarium
1336 2003 1562 2044 convertitur,
1590 2008 1625 2034 ut

121 2054 318 2086 adversario
345 2053 511 2087 tribuatur
536 2049 739 2099 ὑποφορά,
769 2059 822 2090 cui
851 2061 1036 2102 opponitur
1058 2054 1180 2099 λύσις,
1221 2060 1266 2094 cf.
1299 2060 1459 2102 Hermog.
1486 2069 1525 2094 π.
1544 2053 1623 2101 εὑρ.

125 2112 202 2151 108,
233 2112 324 2144 idem
351 2113 506 2146 celeriter
532 2120 648 2147 contra
681 2116 911 2148 subiectiones
939 2117 1214 2150 adversariorum
1251 2117 1359 2149 factas
1391 2111 1625 2160 ἀπαντήσεις

122 2171 157 2201 in
182 2164 412 2213 Ιγοργότητῐος
438 2172 672 2207 instrumentis
699 2175 796 2217 ponit
821 2183 859 2206 π.
887 2170 936 2206 ἰὸ.
965 2175 1047 2215 ⁶296,
1074 2175 1108 2215 9,
1143 2176 1202 2207 ubi
1221 2177 1391 2208 contraria
1410 2182 1622 2219 argumenta,

122 2232 304 2269 antequam
323 2229 456 2271 prolata
481 2237 558 2262 sunt
584 2232 626 2263 ab
652 2233 873 2272 adversariis,
901 2233 1113 2266 refelluntur.
1153 2239 1335 2277 cognatum
1357 2240 1408 2267 est
1428 2246 1550 2278 genus,
1579 2236 1621 2268 de

122 2296 187 2327 quo
214 2287 380 2320 Isocrates
406 2288 484 2327 XII,
514 2289 578 2322 111
608 2296 641 2322 et
666 2292 901 2323 Anaximenes
927 2292 992 2331 41,
1016 2293 1060 2324 22
1088 2297 1212 2334 agunt,
1247 2292 1304 2324 hic
1332 2287 1624 2336 προκατάληψιν

122 2345 274 2377 nominat
301 2345 457 2385 (Quintil.
486 2350 545 2388 IV,
580 2349 619 2389 l,
646 2349 691 2382 49
718 2342 949 2391 πρόληψιν.)
978 2350 1022 2384 cf.
1055 2350 1207 2393 Spengel
1238 2351 1260 2385 l.
1289 2362 1318 2385 c,
1347 2351 1504 2384 Tiberius
1530 2353 1623 2396 VIII,

121 2402 190 2435 568
211 2413 426 2436 communem
450 2398 657 2449 ὗποφορᾶς
683 2407 950 2450 appellationem
977 2409 1181 2441 subiectioni
1203 2414 1234 2440 et
1260 2409 1510 2441 ratiocinationi
1531 2411 1625 2442 attri-

120 2461 206 2495 buit.
260 2462 420 2504 exempla
447 2463 601 2497 invenies
628 2470 710 2507 aput
735 2465 868 2497 Andoc-
899 2465 935 2504 l,
974 2465 1050 2501 101.
1103 2467 1182 2508 Lys.
1215 2467 1338 2505 XXX,
1373 2466 1418 2499 26
1466 2468 1552 2502 Isae.
1579 2469 1622 2507 V,

120 2519 166 2551 45
192 2529 268 2560 sqq.
302 2519 400 2551 Dem.
431 2521 528 2561 VIII,
564 2523 616 2560 17,
644 2522 714 2554 Cic.
752 2533 788 2564 p.
816 2523 927 2555 Flacc.
964 2525 998 2558 4.
1032 2535 1066 2568 p.
1101 2525 1216 2557 Plano.
1247 2525 1301 2557 11.
1330 2530 1361 2557 et
1386 2527 1486 2558 Verr.
1516 2527 1565 2567 II,

123 2576 190 2610 166
214 2577 275 2608 ubi
299 2578 332 2608 in
358 2582 512 2610 extrema
535 2581 556 2620 5
583 2580 726 2622 legerim
754 2580 822 2612 his
859 2591 936 2612 cum
962 2582 1083 2615 Bakio.
1118 2583 1151 2614 in
1182 2593 1230 2615 or.
1264 2593 1299 2625 p.
1330 2582 1418 2615 Sest.
1453 2584 1498 2615 47
1525 2594 1624 2627 repe-
1647 2600 1652 2604 ·

122 2636 202 2667 titur
229 2635 374 2667 obiectio
400 2636 467 2668 iam
494 2648 600 2680 supra
625 2638 688 2677 43,
717 2639 762 2670 45
788 2640 985 2681 proposita,
1018 2650 1095 2671 cum
1128 2650 1217 2672 nova
1248 2641 1474 2676 subiectione,
1574 2648 1620 2676 21,

123 2693 270 2725 ridicula
295 2698 346 2725 est
372 2694 575 2728 disiunctio:
609 2691 715 2737 ‘quod
749 2702 882 2739 oportet
913 2703 970 2729 aut
1002 2707 1068 2731 nou
1101 2691 1256 2741 oportet'3
1290 2699 1355 2731 hoc
1387 2700 1495 2737 enim,
1532 2700 1623 2739 quod

125 2761 190 2783 non
217 2756 369 2794 oportet,
395 2753 550 2786 subicere
576 2765 761 2796 numquam
783 2765 849 2787 non
871 2757 1024 2798 ineptum
1047 2757 1126 2793 erit,
1155 2758 1349 2789 notavimus
1372 2758 1495 2799 igitur;
1522 2767 1621 2798 prae-

125 2813 218 2840 terea
236 2801 354 2849 ‘quod'
381 2816 458 2842 ante
484 2804 557 2844 ‘aut
582 2813 680 2845 nobis
707 2824 738 2848 a.
768 2813 792 2848 f.
823 2807 875 2846 sit'
903 2815 1126 2857 repetendum
1161 2815 1224 2846 fuit
1249 2815 1304 2847 vel
1334 2820 1444 2846 rectae
1471 2819 1624 2845 constru-

125 2866 248 2897 ctionis
273 2876 388 2900 causa.

1589 2528 1622 2567 2,

221 2922 300 2963 160,
326 2930 354 2957 5.
382 2925 621 2966 praemium
656 2926 771 2967 qualia
797 2934 1103 2961 commemorantur
1129 2929 1198 2961 Cic.
1225 2939 1260 2970 p.
1289 2927 1420 2961 Cluent.
1448 2926 1512 2966 98,
1548 2928 1618 2962 Iuv,
