1971 3182
153 172 221 201 XII
804 170 1085 202 PRAEFATIO.

151 288 336 329 sequens
368 274 412 314 in
447 271 658 328 exemplis
690 278 733 312 et
763 271 809 312 in
840 287 890 314 eo
923 273 1118 327 imitans,
1161 274 1277 330 quod
1315 280 1444 318 antea
1472 274 1629 318 acerbe
1659 290 1725 318 re-

150 342 468 398 prehendisset.

267 410 469 451 Oieeroni
500 415 643 450 autem
672 408 793 450 illam
819 398 1162 450 retardationem
1193 410 1338 466 operis
1364 410 1648 454 Cornificiani
1678 413 1725 454 in

152 492 281 518 eausa
322 477 456 519 fuisse
495 478 691 531 videtur,
733 484 781 519 ut
822 492 947 519 suum
985 476 1253 534 relinqueret
1293 479 1402 520 rude
1441 485 1484 521 et.
1520 479 1724 537 imperfe-

150 552 284 587 ctum:
317 546 533 588 taeduerit
565 547 694 588 etiam
725 561 782 588 ex
814 545 889 587 illo
925 546 1055 588 nimis
1096 545 1233 588 inulta
1263 546 1514 590 describere
1544 548 1599 591 de
1627 563 1725 606 pro-

150 615 421 656 nuntiatione
452 617 662 657 ineinoria
699 623 740 657 et
779 615 1046 669 elocutione,
1093 621 1141 656 ut
1172 614 1403 657 meliorum
1439 615 1627 659 fontium
1652 631 1726 674 pe-

148 685 274 724 nuria
313 691 486 727 coactus
527 685 669 727 fuerat
711 684 995 726 Cornificium
1035 698 1174 741 paene
1214 683 1354 726 solum
1394 685 1518 742 sequi
1558 685 1645 728 iam
1680 686 1726 728 in

149 753 300 809 primis
333 753 386 795 (le
418 754 598 796 exordio
627 760 668 795 et
697 754 947 795 narratione
979 753 1196 809 capitibus
1212 753 1258 807 ¹).
1319 752 1391 795 vel
1423 753 1486 795 sic
1509 752 1725 809 Iuventio,

150 836 278 878 quam
312 837 415 871 suus
449 823 542 879 ipse
572 828 696 879 pater
725 829 879 878 postea
906 823 1072 878 sprevit
1103 821 1176 878 (sle
1202 836 1264 863 or.
1288 821 1323 876 I,
1356 822 1416 877 5),
1448 836 1536 864 non
1561 823 1727 865 excidit

149 890 350 932 manibus
390 891 673 933 discentium:
719 897 898 948 propter
931 890 1157 932 Ciceronis
1194 905 1353 932 nomen
1390 889 1576 932 multum
1612 890 1726 933 lecta

148 966 278 1016 atque
305 960 414 1002 adeo
448 959 667 1002 lubentius
700 959 899 1002 adhibita
931 966 996 1001 est
1025 974 1155 1016 quam
1186 959 1288 1001 libri
1317 958 1600 1001 Cornificiani
1626 973 1723 1016 par-

148 1036 212 1070 tes
244 1044 341 1082 eae,
385 1029 542 1086 quibus
573 1030 838 1071 inventionis
868 1035 1103 1084 praecepta
1133 1028 1435 1082 continentur,
1473 1028 1621 1085 itaque
1655 1026 1727 1070 hic

150 1098 336 1138 fortasse
375 1099 635 1152 interiisset,
678 1099 714 1140 si
753 1099 926 1153 integra
973 1097 1161 1139 fuissent
1202 1097 1429 1140 Ciceronis
1467 1096 1723 1139 Rhetorica:

149 1182 262 1208 nune
293 1166 446 1208 horum
479 1167 676 1209 defectus
709 1167 858 1208 alteris
901 1166 1085 1208 salutem
1116 1165 1274 1208 attulit.
1344 1164 1475 1207 facile
1517 1165 1634 1206 enim
1661 1164 1725 1206 bi-

148 1234 366 1290 bliopolae
405 1235 536 1276 alieui
574 1236 619 1276 in
659 1243 849 1278 mentem
886 1236 1038 1277 venire
1078 1241 1250 1292 poterat
1288 1240 1521 1290 utrumque
1564 1233 1726 1276 librum

148 1303 485 1345 vendibiliorein
523 1304 636 1358 fore,
680 1306 717 1346 si
757 1310 1064 1345 annecteretur
1097 1304 1347 1345 Inventioni
1387 1317 1458 1344 ars
1487 1301 1725 1357 Cornificii,

148 1371 274 1413 huius
301 1372 468 1414 scilieet
497 1374 670 1414 nomine.
702 1373 894 1415 inducto.
957 1372 1157 1414 fraudem
1184 1372 1465 1414 confirmasse
1491 1372 1579 1414 iam
1610 1371 1727 1414 idem

148 1441 274 1481 hoino
304 1442 477 1483 vitietur
505 1442 726 1484 nonnullis
756 1441 1191 1498 interpolationibus,
1228 1447 1275 1482 ut
1305 1441 1454 1482 verbis
1483 1440 1620 1497 ipsius
1654 1439 1725 1482 Ci-

149 1510 318 1551 ceronis
366 1512 409 1551 in
455 1510 645 1552 alienum
692 1511 851 1552 librum
894 1510 1120 1551 translatis
1166 1524 1271 1551 vere
1310 1508 1541 1551 Tullianus
1584 1507 1727 1550 videri

149 1585 297 1635 posset
337 1578 573 1621 lectoribus
613 1579 675 1620 nil
715 1579 819 1620 mali
860 1578 1207 1635 suspicantibus,
1243 1593 1386 1635 neque
1421 1591 1521 1619 eum
1554 1577 1666 1619 ratio
1699 1592 1726 1619 a

152 1654 328 1703 stupore
358 1647 499 1703 plebis
532 1647 752 1689 literariao
787 1649 923 1705 petita
962 1648 1154 1705 decepit:
1204 1647 1393 1690 ‘Tullius
1427 1653 1470 1688 et,
1500 1646 1723 1688 Terentia'

150 1716 404 1757 foedissima
435 1716 510 1757 illa
542 1717 820 1774 interpolatio
853 1718 946 1773 (13,
982 1720 1026 1757 13
1062 1717 1146 1774 sq.)
1196 1717 1246 1758 F.
1279 1715 1620 1770 Maturancium,
1652 1729 1725 1757 au-

150 1785 281 1826 ctoris
305 1785 575 1826 Herenniani
604 1787 954 1842 interprete1n2),
988 1792 1029 1827 et
1049 1785 1266 1827 Marinum
1291 1784 1600 1826 Becichemum
1624 1783 1725 1826 Sco—

150 1854 352 1895 ‹lrensein
383 1860 423 1894 et
462 1854 684 1909 Angelum
724 1855 1017 1895 Bueinensein
1055 1861 1097 1896 et
1134 1854 1243 1895 alios
1283 1854 1412 1909 Regii
1448 1853 1725 1895 adversarios

152 1922 268 1964 lusit.
330 1923 478 1964 neseio
517 1938 572 1964 an
613 1923 667 1965 ab
707 1924 859 1965 eodem
890 1924 1088 1980 profecta
1131 1925 1186 1964 sit
1216 1923 1396 1964 falsario
1427 1922 1587 1965 divisio
1620 1921 1724 1964 Cor-

149 1991 339 2032 nifieiani
373 1993 517 2048 operis
558 1993 601 2033 in
641 2009 721 2034 sex
757 1992 911 2046 libros,
945 1994 1263 2050 antiquis-suma
1293 1998 1410 2033 certe
1447 1997 1532 2045 est,
1564 1991 1725 2048 quippe

149 2062 234 2102 ianr
263 2061 534 2119 Prisciano³)
564 2063 740 2104 usitata.
802 2062 931 2104 huius
957 2068 998 2104 et
1020 2063 1316 2119 antiquiorum
1338 2062 1599 2118 scriptorum
1620 2059 1723 2102 Hie-

248 2237 278 2277 1)
300 2237 343 2272 es.
368 2236 494 2271 Coi-nis.
524 2238 546 2279 1,
575 2239 608 2277 2,
636 2236 669 2278 3,
697 2238 729 2277 S,
760 2236 793 2270 9.
826 2238 879 2278 lo,
908 2236 960 2280 11,
994 2238 1045 2269 12.
1077 2236 1129 2277 13,
1160 2237 1213 2276 11,
1246 2237 1299 2276 15,
1330 2237 1370 2269 17
1398 2247 1472 2268 eum
1499 2236 1616 2280 lnv.1,
1636 2238 1669 2276 7,
1687 2236 1722 2275 9,

149 2296 182 2333 8,
208 2294 263 2332 23,
291 2297 346 2337 25,
376 2295 431 2334 26,
459 2297 515 2335 27,
541 2296 597 2333 28,
623 2295 680 2335 29,
706 2295 767 2329 31;
797 2296 897 2327 etiam
927 2295 1055 2327 Cornif.
1087 2297 1110 2334 1,
1140 2296 1194 2335 18,
1225 2297 1277 2337 15,
1303 2297 1335 2335 6,
1358 2297 1390 2335 7,
1414 2295 1471 2334 23,
1495 2297 1552 2336 24,
1577 2295 1619 2329 15
1646 2307 1722 2328 eum

152 2355 222 2384 lnv.
252 2354 274 2391 Ι,
305 2353 358 2392 10,
385 2354 440 2387 20.
463 2354 520 2395 21,
549 2354 604 2391 23,
631 2355 687 2392 21,
715 2355 772 2392 28,
799 2354 855 2385 29.

137 2411 148 2429 ³
243 2423 282 2456 2)
309 2422 387 2454 vide
413 2423 522 2465 ipsius
549 2422 698 2455 hominis
722 2424 872 2455 minume
899 2423 978 2454 mali
1009 2424 1130 2454 verba:
1162 2416 1296 2455 ‘Cicero
1316 2423 1359 2454 ad
1386 2424 1593 2455 Herennium
1622 2423 1682 2455 lib.
1712 2425 1719 2454 1

149 2494 167 2513 a
195 2492 230 2514 se
258 2482 333 2523 ipso
359 2481 555 2523 exemplum
582 2482 711 2514 ducens
744 2482 794 2513 sic
819 2482 882 2512 ait:
921 2487 1016 2524 pater
1050 2482 1201 2514 familias
1225 2499 1271 2504 —
1303 2481 1438 2513 Tullius
1474 2482 1595 2513 haeres
1625 2492 1722 2514 meus

149 2541 328 2572 Terentiae
363 2541 461 2572 uxori
496 2551 589 2572 meae
624 2541 763 2583 triginta
792 2540 907 2582 pondo
936 2546 1000 2575 ete.
1035 2550 1145 2572 noune
1178 2540 1242 2572 hoe
1277 2539 1509 2571 firmissimum
1545 2546 1596 2573 est
1620 2551 1721 2583 argu-

149 2600 321 2631 nienuun'?
360 2599 389 2629 si
416 2599 506 2630 eninr
530 2599 619 2631 alius
645 2610 664 2630 a
691 2598 851 2631 Cicerone
878 2599 921 2630 ad
947 2600 1154 2631 Herennium
1187 2599 1402 2641 scripsisset,
1436 2608 1609 2639 nunquam
1643 2609 1722 2640 pro-

150 2658 236 2690 l'eeto
262 2668 321 2689 nee
347 2657 449 2688 Tullii
473 2667 535 2688 nec
557 2656 734 2689 Terentiae
760 2650 994 2693 meminisses,

243 2726 283 2767 3)
306 2727 501 2759 Priscianus
529 2727 591 2768 ΙΙΙ,
617 2727 656 2765 3,
682 2726 723 2759 19
749 2726 835 2769 (606
861 2727 916 2760 ed.
943 2726 1014 2768 Ρ.).
1062 2719 1196 2758 ‘Cicero
1225 2726 1269 2758 ad
1292 2726 1498 2757 Herennium
1525 2725 1559 2756 in
1584 2726 1720 2766 quinto:

150 2786 274 2828 quibus
300 2785 481 2817 virtutibus
507 2803 553 2807 —
584 2779 806 2828 coinparare'.
858 2786 953 2817 locus
987 2790 1037 2818 est
1063 2785 1146 2825 150,
1184 2785 1240 2818 20.
1294 2794 1455 2816 numerus
1489 2783 1593 2826 igitur
1625 2785 1723 2817 resti-

149 2845 297 2877 tuendus
325 2844 426 2875 etiam
450 2844 492 2881 X,
519 2844 551 2883 l,
579 2846 600 2876 2
625 2844 713 2887 (876
739 2845 793 2876 ed.
821 2843 877 2885 P.)
905 2837 1013 2875 ‘idem
1049 2844 1081 2874 in
1118 2844 1174 2874 1111
1204 2844 1248 2875 ad
1274 2842 1481 2874 Herennium
1501 2834 1601 2882 ‘quid
1632 2843 1722 2874 enim

151 2904 211 2936 tibi
237 2895 325 2935 viss
351 2902 476 2943 aliquis
502 2904 634 2945 inquiat
650 2922 694 2927 -
724 2904 814 2936 idem
840 2903 884 2935 ad
909 2903 1055 2935 eundem
1080 2903 1115 2934 in
1140 2896 1268 2934 1111³at
1293 2911 1359 2933 non
1386 2900 1541 2933 Africani
1566 2905 1721 2945 nepotes,
