1971 3198
184 301 241 337 17.
275 297 511 335 Coloniensis
592 325 600 334 .
660 325 669 334 .
733 325 740 333 .
804 325 812 332 .
853 299 921 334 col.
999 304 1056 337 25.
1089 300 1356 347 Lugdunensis
1392 303 1415 336 2
1475 327 1484 336 .
1546 328 1555 336 .
1617 328 1626 336 .
1697 295 1736 335 l²

159 364 163 368 ’
189 369 246 404 18.
274 365 450 401 Tosanus
521 392 530 401 .
592 392 602 400 .
664 392 672 400 .
735 394 743 401 .
808 392 817 400 .
855 370 922 401 tos.
1001 370 1060 405 26.
1091 366 1383 412 Rhedigeranus
1411 369 1435 404 3
1475 394 1484 402 .
1546 395 1554 402 .
1617 395 1626 403 .
1687 365 1734 416 (²³

190 436 246 472 19.
277 431 452 468 Liliensis
523 459 532 467 .
596 459 605 468 .
665 461 673 468 .
735 460 744 468 .
804 460 813 468 .
871 433 921 467 lil.
999 437 1057 472 27.
1085 433 1314 470 Dresdensis
1408 462 1417 470 .
1478 462 1488 471 .
1550 463 1559 471 .
1620 463 1629 472 .
1716 433 1739 471 δ

183 503 243 537 20.
275 498 471 535 Mediceus
521 527 530 536 .
593 526 602 534 .
665 528 673 536 .
735 527 744 535 .
807 526 815 534 .
890 511 924 533 m
1000 504 1059 539 28.
1087 500 1333 546 Erlangensis
1360 504 1430 539 289
1474 530 1483 538 ,
1547 530 1556 538 ,
1618 531 1627 539 ,
1693 500 1732 538 εἰ

183 571 241 606 21.
274 566 469 603 Gudianus
520 594 529 603 .
593 594 601 602 .
668 595 677 603 .
738 596 745 603 .
807 595 815 603 .
901 578 924 612 q
1001 569 1059 604 29.
1089 566 1336 612 Erlangensis
1366 570 1436 606 290
1475 596 1484 604 .
1547 597 1555 605 .
1617 598 1626 606 .
1694 568 1738 605 «ε2

184 638 245 673 22.
276 636 498 681 Augusteus
526 662 535 670 .
598 662 607 670 .
670 662 679 670 .
740 663 746 670 .
810 661 818 669 .
902 646 925 667 a
1000 636 1058 670 30.
1090 633 1349 669 Bruxeliensis
1381 636 1476 672 9999
1545 664 1553 672 .
1616 664 1625 673 .
1686 634 1735 685 β3

182 705 242 740 23.
274 702 466 738 Parisinus
499 705 593 741 7696
662 728 671 736 ·
732 728 741 736 .
805 729 813 736 .
863 697 918 747 pl
1002 703 1060 738 31.
1091 699 1338 735 Fabricianus
1409 729 1418 737 .
1478 730 1487 738 .
1548 732 1557 740 .
1635 705 1738 751 fabr.

331 768 480 813 TertIa
516 767 680 813 familia
706 767 783 825 (3),
1003 771 1062 805 32.
1095 767 1360 803 Gronov-ianus
1392 779 1500 806 unuS.

185 840 244 876 24.
277 837 570 884 Batnbergensis
601 839 671 875 423
739 867 748 874 .
811 864 819 872 .
907 836 927 871 b
1002 838 1060 873 33.
1096 835 1322 871 Harleianus
1350 839 1457 874 2510.

159 955 210 982 rat
234 949 280 982 ad
304 959 399 982 oram
425 949 504 981 libri
530 951 583 981 sui
611 949 785 980 variantes
813 947 976 979 lecti0nes
1002 952 1182 988 excerptas
1209 957 1251 978 ex
1278 947 1396 980 codice
1414 948 1664 987 Geniblacensi,
1682 949 1740 980 Er-

159 1007 340 1046 furdiensi,
362 1007 583 1045 Bruilerensi,
611 1007 759 1049 denique
786 1018 803 1039 c
831 1006 1010 1038 chartaceo
1036 1004 1176 1037 Sum-idi
1203 1000 1337 1039 PetreIi’
1367 1008 1469 1050 (haec
1497 1010 1538 1039 ad
1564 1008 1596 1043 3.
1629 1009 1678 1043 l),
1709 1017 1741 1040 at

159 1065 394 1099 Erfurdiensis
419 1076 588 1107 nusquam
614 1066 655 1097 ab
684 1076 723 1098 eo
756 1066 882 1098 mentio
914 1065 969 1102 fit;
1005 1070 1122 1096 contra
1156 1064 1302 1107 legimus
1333 1066 1374 1097 ad
1406 1066 1448 1105 6,
1479 1067 1491 1099 l
1518 1061 1645 1099 ‘monet
1673 1068 1741 1099 Gu-

159 1124 309 1157 lielmius
331 1130 467 1158 exstare
493 1125 526 1156 in
541 1123 738 1157 Coloniensi
759 1117 805 1155 ‘et
831 1116 1040 1166 apparatur'.
1070 1123 1158 1155 unde
1196 1125 1270 1166 ipse
1296 1125 1468 1157 Tosanuni
1498 1132 1528 1158 ct
1554 1126 1741 1159 Liliensem

159 1188 293 1222 nosset,
321 1185 438 1217 nescio
465 1193 507 1215 an
533 1194 700 1224 nusquam
728 1182 943 1220 indicaverit,
972 1187 1061 1214 certe
1088 1181 1214 1214 frustra
1243 1184 1410 1223 quaesivi.

255 1241 309 1279 17,
338 1241 392 1281 18,
421 1240 482 1283 19)
508 1241 551 1273 cf.
579 1247 694 1273 notam
720 1241 988 1273 antecedentem.

255 1299 318 1342 20)
346 1300 405 1341 qui
430 1311 451 1332 a
476 1300 648 1333 Gronovio
674 1299 878 1342 simpliciter
904 1298 1079 1330 Mediceus
1098 1299 1303 1341 appellatur,
1332 1311 1407 1332 esse
1433 1301 1568 1333 videtur
1584 1301 1634 1332 Pl.
1655 1301 1740 1341 LIII,

163 1357 216 1390 10.
245 1357 290 1391 οἵ,
321 1368 407 1398 quae
439 1368 544 1400 supra
570 1358 722 1390 diximus
740 1368 774 1400 p.
803 1356 898 1395 XIX,
924 1357 955 1388 7.

255 1414 318 1457 21)
346 1415 495 1448 Gudiani
519 1422 549 1449 et
576 1417 743 1459 Augustei
770 1416 945 1458 specimen
972 1415 1047 1457 (61,
1085 1414 1127 1447 19
1160 1414 1256 1456 sqq.)
1289 1416 1419 1448 amicae
1453 1417 1492 1448 A.
1528 1417 1741 1449 Fleckeiseni

162 1484 288 1517 operae
313 1475 433 1507 debeo.

255 1532 315 1574 23)
341 1533 488 1565 Parisini
514 1533 606 1566 7696
638 1533 836 1564 varietatem
870 1531 1022 1563 indidem
1056 1532 1190 1563 ductam
1224 1533 1341 1574 accepi
1375 1532 1417 1562 ab
1450 1532 1488 1566 E.
1526 1532 1675 1571 Nlillero,
1709 1540 1743 1564 ut

162 1591 367 1624 relicuomm
392 1590 564 1624 Cornificii
585 1591 755 1628 codicum,
774 1590 830 1630 qui
859 1589 997 1630 quidem
1017 1594 1092 1625 ante
1115 1599 1206 1620 saec.
1232 1588 1296 1620 XV
1320 1590 1438 1632 scripti
1466 1596 1556 1625 sunt,
1585 1591 1642 1622 ille
1668 1601 1743 1623 eos-

162 1650 240 1683 dem
265 1655 443 1694 praeterea
468 1660 511 1682 ex
537 1649 706 1681 rhetorico
733 1658 858 1691 genere
891 1647 998 1679 libros
1030 1647 1132 1678 habet
1165 1653 1265 1688 atque
1298 1657 1325 1678 π
1352 1648 1446 1689 (Par.
1484 1648 1606 1690 7231).

257 1705 319 1749 24)
344 1707 434 1740 hunc
461 1718 595 1750 quoque
621 1707 773 1739 codicem
802 1706 914 1738 denuo
946 1716 1147 1748 comparare
1177 1707 1346 1748 oportuit,
1382 1708 1510 1750 quippe
1545 1708 1641 1739 cqus
1677 1719 1744 1741 non

165 1766 406 1809 spicilegium,
433 1772 485 1799 set
509 1767 626 1798 multis
653 1766 738 1799 locis
764 1775 872 1809 paene
905 1770 977 1796 tota
1009 1766 1131 1797 messis
1161 1765 1260 1796 nobis
1286 1764 1547 1806 relinqueretur.
1578 1767 1744 1806 quaedam

165 1824 327 1857 lectiones
352 1824 506 1857 indicare
533 1825 692 1857 videntur
716 1829 773 1856 aut
798 1823 901 1855 huius
922 1829 978 1855 aut
1001 1825 1075 1855 eius
1101 1824 1244 1866 codicis,
1258 1805 1349 1855 und'e
1374 1823 1568 1866 descriptus
1594 1831 1656 1861 est,
1685 1836 1746 1857 an—

162 1884 407 1925 tiquissumum
434 1883 631 1926 exemplum
657 1894 684 1915 s.
712 1882 935 1924 archetypum
956 1881 1078 1914 fuisse.
1105 1881 1172 1923 (cf.
1207 1882 1265 1920 57,
1299 1880 1355 1921 19,
1394 1881 1471 1919 116,
1499 1884 1532 1917 5.
1560 1882 1639 1921 186,
1668 1884 1745 1925 15.)

259 1940 325 1983 25)
350 1941 594 1984 Lugdunensis
619 1942 789 1985 cognitio,
816 1948 852 1972 ut
883 1941 1089 1973 relicuorum
1121 1940 1404 1983 Lugdunensium
1431 1941 1594 1974 libroruin
1620 1942 1688 1984 (L)
1715 1949 1746 1975 et

165 2001 415 2033 Vossianorum
451 2000 539 2043 (V),
576 2000 822 2042 Oudendorpio
854 1999 1015 2038 debetur,
1052 1998 1116 2039 (cf.
1148 1999 1213 2030 Ed.
1247 1998 1676 2032 Graevio-Burmanniana
1707 2013 1743 2044 p.

168 2057 373 2099 519—61‘2)
400 2059 457 2100 qui
484 2059 531 2090 nil
561 2059 603 2090 de
630 2060 673 2090 iis
698 2059 827 2095 attulit,
855 2058 922 2089 nisi
948 2058 1228 2090 membranaceos
1248 2067 1324 2088 esse
1351 2063 1495 2099 excepto
1515 2057 1628 2099 Lugd.
1654 2060 1687 2095 4,
1715 2065 1747 2091 et

167 2117 462 2160 quadruplicatos.
490 2127 556 2149 non
583 2117 769 2149 admodum
795 2121 952 2147 accurate
976 2117 1008 2147 in
1036 2126 1076 2147 ea
1102 2125 1208 2157 opera
1226 2120 1384 2146 versatus
1410 2120 1472 2155 est,
1489 2117 1629 2158 saepius
1655 2118 1744 2149 enim

167 2176 305 2208 codices
333 2185 400 2207 non
425 2176 596 2213 nomInat‚
623 2182 674 2208 set
701 2180 855 2207 numerat
879 2179 1029 2215 tantum,
1057 2184 1158 2214 quam
1191 2173 1233 2205 ob
1269 2183 1340 2204 rem
1374 2182 1435 2204 nos
1471 2183 1606 2214 quoque
1639 2177 1747 2207 coacti

167 2234 296 2266 fuimus
320 2233 483 2266 adnotare
510 2245 539 2268 e.
569 2244 622 2276 gr,
642 2227 692 2265 ‘in
717 2233 738 2265 3
764 2225 799 2265 θ’
827 2232 860 2264 h.
889 2243 918 2263 e.
943 2232 977 2263 in
1003 2231 1112 2264 tribus
1129 2230 1428 2274 Oudendorpianis
1453 2231 1602 2273 aliquam
1631 2233 1748 2265 lectio-

169 2302 247 2324 nem
272 2292 438 2330 inveniri;
467 2292 509 2324 de
535 2292 635 2324 codd.
671 2292 837 2324 mediocri
868 2291 1019 2321 bonitate
1056 2290 1245 2332 praeditis,
1281 2295 1312 2320 et
1344 2299 1487 2330 quorum
1521 2291 1653 2324 simi⁸es
1689 2292 1748 2324 alii

170 2355 286 2383 extant
317 2350 441 2382 melius
466 2351 600 2393 collati,
628 2352 660 2382 in
687 2351 747 2382 tali
774 2350 982 2381 indicatione
1008 2349 1132 2381 licebat
1159 2348 1389 2389 acquiescere,

261 2407 326 2449 26)
348 2408 611 2452 Rhedigeranus
638 2409 659 2442 3
684 2419 760 2441 cum
788 2409 922 2440 duobus
946 2407 1026 2440 aliis
1052 2409 1126 2440 eius
1152 2406 1391 2444 bibliothecae,
1422 2412 1600 2449 praeterea
1618 2408 1749 2441 Vratis-

171 2467 318 2500 laviensi
342 2472 375 2499 et
400 2467 589 2500 Dresdensi
614 2478 634 2500 a
658 2469 695 2500 F.
725 2467 890 2499 Passovio
917 2471 948 2498 et
975 2466 1013 2501 C.
1042 2466 1252 2498 Schneidero
1279 2465 1424 2496 collatus
1450 2469 1514 2503 est,
1544 2465 1588 2500 cf,
1618 2466 1748 2498 descri-

169 2527 323 2572 ptionem
346 2525 470 2559 horum
495 2525 661 2559 librorum
686 2527 721 2557 in
746 2526 865 2557 Museo
891 2536 938 2557 cr.
964 2525 1106 2557 Vratisl.
1134 2536 1170 2568 p.
1197 2524 1279 2556 XIII
1303 2534 1378 2564 sqq.
1407 2522 1442 2554 hi
1468 2523 1618 2564 quinque
1644 2526 1746 2557 codd.

166 2586 226 2618 ubi
250 2585 476 2625 consentiunt,
499 2591 658 2617 notantur
683 2585 780 2617 litera
805 2586 846 2618 P.

263 2642 328 2685 28)
351 2643 615 2685 Erlangensium
640 2645 830 2687 specimina
849 2647 968 2689 accepi
992 2656 1012 2678 a
1030 2646 1090 2679 Ch.
1119 2647 1158 2679 G.
1182 2648 1209 2680 1.
1237 2646 1341 2678 Cron.
1366 2655 1398 2675 v.
1427 2642 1470 2674 cl.
1490 2641 1746 2674 Harleianorum

170 2713 190 2735 a
215 2702 256 2736 G.
280 2702 432 2741 Bunsen,
459 2702 712 2735 dissertationis
732 2696 790 2735 ‘de
818 2704 960 2736 Azania’
993 2705 1172 2748 scriptore,
1198 2702 1519 2736 Vindobouensium
1544 2700 1585 2731 ab
1613 2699 1654 2730 H.
1682 2700 1748 2731 Bo-

170 2761 254 2800 nitz‚
280 2759 387 2795 celeb.
415 2760 612 2804 professore
637 2761 918 2801 Vindobonensi,
945 2763 1141 2796 Fabriciani
1166 2764 1330 2796 lectiones
1355 2761 1518 2794 Gruterus
1543 2769 1748 2791 commemo-

170 2824 234 2851 rat.
269 2818 363 2859 quod
397 2824 515 2852 auctor
542 2818 649 2854 Catal.
680 2820 764 2854 bibl.
796 2821 888 2852 Harl.
925 2821 1079 2854 codicem
1105 2822 1198 2855 25¹0
1228 2820 1366 2854 saeculo
1394 2819 1426 2850 X
1458 2817 1622 2858 scriptum
1656 2814 1747 2846 al'fir-

170 2881 260 2918 mat,
286 2877 455 2910 contraria
477 2882 578 2918 atque
602 2878 748 2911 Parisini
774 2880 933 2922 scriptor,
961 2881 1019 2921 qui
1045 2880 1120 2913 cod.
1148 2889 1177 2911 π
1201 2889 1290 2911 saec.
1318 2878 1380 2910 XII
1407 2874 1588 2912 adtribuit,
1615 2873 1743 2905 ratione

170 2937 308 2970 videtur
330 2945 474 2975 errasse.
494 2937 734 2972 Bruxellensis
760 2937 852 2971 9999
879 2939 945 2971 iam
973 2948 1078 2983 supra
1101 2939 1311 2972 mentionem
1336 2934 1415 2967 feci.
