1923 3182
798 184 1008 221 NOTAE.
1577 177 1662 220 285

152 295 196 328 27
216 288 267 327 ‘in
287 296 379 328 omni
402 296 475 328 iure
495 295 590 328 civili
614 296 822 336 aequitatem
846 296 1077 337 reliquerunt.
1097 295 1202 328 verba
1224 296 1300 338 ipsa
1320 296 1523 328 tenueruut'.
1548 296 1662 327 minus

150 359 241 386 recte
267 355 511 398 interpretatur
537 354 661 386 Orelli:
684 348 848 397 ‘posteris
873 365 948 387 eam
974 354 1240 397 excogitandam
1270 348 1445 388 siverunt'.
1482 354 1586 397 volgo
1614 354 1662 386 le-

150 413 296 456 gebatur
323 406 373 456 ‘p.
410 423 477 445 non
512 406 585 446 rel.'
621 419 657 444 ut
682 414 877 446 necessario
903 424 966 456 per
996 414 1301 456 interrogationem
1333 413 1419 446 haec
1449 413 1661 457 proferenda

151 477 284 512 essent,
311 482 416 504 sensu
438 472 541 504 valde
567 478 732 505 contorto.
785 472 912 504 Schiitz
947 479 1058 504 autem
1093 474 1220 505 omissa
1244 473 1513 516 interrogatione
1543 479 1661 505 contra

149 540 250 562 usum
274 523 469 563 Latinitatis
491 530 578 563 hanc
605 532 809 563 senteutiam
836 532 949 563 inesse
975 537 1088 573 putat:
1119 532 1279 571 quoniam
1308 532 1341 563 in
1360 532 1555 574 proditores
1574 533 1658 564 satis

150 589 275 622 idonea
300 599 413 633 poena
437 599 503 622 non
536 590 645 632 possit
679 589 890 632 excogitari,
929 595 1112 632 propterea
1148 590 1296 622 maiores
1330 591 1541 634 singularem
1575 602 1658 635 poe-

150 658 228 681 nam
254 649 334 681 huic
360 648 505 681 facinori
532 658 598 680 non
621 647 822 689 reliquisse;
865 658 968 680 causa
995 658 1075 680 sane
1105 648 1189 680 haec
1216 659 1297 681 vera
1323 656 1392 684 est.
1424 650 1469 684 cf.
1506 651 1655 695 Lycur-g.

147 705 170 739 9
200 706 270 740 Cic.
302 717 337 750 p.
373 706 410 741 S.
447 707 548 739 Rosc.
584 706 640 741 70,
693 707 797 739 totius
830 706 983 749 exempli
1018 709 1186 739 sententia
1220 709 1390 740 invenitur
1423 719 1478 752 ap.
1511 710 1581 744 Cic.
1620 722 1654 754 p.

152 765 239 801 Mur.
265 765 331 798 80:
354 759 453 798 ‘inita
477 772 556 797 sunt
582 766 615 797 in
639 765 705 798 hac
731 765 868 798 civitate
893 765 1057 799 consilia.
1087 766 1238 800 iudices.
1273 767 1368 799 urbis
1395 768 1583 802 delendae.
1611 771 1658 801 ci—

147 825 240 856 vium
264 824 557 862 trucidandorum.
580 824 729 856 nominis
749 823 894 855 Romani
917 825 1159 867 extinguendi:
1186 832 1288 867 atque
1311 825 1396 858 haec
1422 827 1536 867 cives,
1565 829 1658 861 cives

149 882 307 924 iuquam,
334 883 362 914 si
390 892 450 915 eos
477 883 542 916 hoc
566 883 702 914 nomine
727 882 897 926 appellari
926 882 978 914 sas
1005 890 1074 918 est.
1103 883 1146 915 de
1171 885 1282 927 putria
1306 895 1369 916 sua
1390 890 1421 916 et
1448 886 1597 928 cogitant
1626 894 1656 918 et

147 934 409 984 cogitaverunt’.
506 945 534 974 5.
561 942 789 974 univorsis
815 942 994 974 civibus
1021 941 1065 974 cf.
1095 943 1136 977 ΙΙ.
1163 942 1228 981 48,
1257 944 1315 976 ubi
1341 944 1492 976 secundo
1521 945 1555 976 in
1582 945 1655 977 loco

147 1000 338 1040 quaeritur,
365 998 478 1032 utrum
498 994 581 1039 ‘res,
604 1001 646 1033 de
673 1001 798 1042 quibus
823 1001 1066 1040 criminamur,
1095 1002 1139 1034 ad
1166 1003 1277 1035 omnis
1303 1004 1516 1047 pertineant,
1544 1014 1584 1035 an
1610 1004 1653 1035 ad

145 1052 352 1102 superiores'
379 1065 444 1094 etc.

240 1118 319 1158 136,
345 1125 376 1151 2.
403 1118 602 1161 exemplum
629 1118 815 1151 mediocris
841 1118 971 1162 figurae
998 1119 1143 1162 petitum
1176 1131 1254 1153 esse
1281 1120 1417 1152 videtur
1443 1131 1487 1153 ex
1514 1132 1654 1154 accusa-

143 1177 236 1210 tione
262 1178 361 1210 Varii
386 1177 582 1220 Hybridae,
610 1177 654 1209 cf.
683 1179 834 1221 Appian.
862 1178 895 1213 b.
924 1189 955 1210 c.
986 1179 1012 1219 l,
1041 1178 1098 1213 37.
1127 1197 1175 1203 —
1207 1184 1235 1210 5.
1261 1186 1414 1212 norant
1441 1190 1461 1212 a
1487 1179 1652 1212 Schiitzio

143 1241 235 1269 recte
259 1236 426 1279 scriptum
453 1242 523 1275 est,
558 1237 744 1279 praeterito
771 1237 862 1269 enim
891 1244 941 1269 est
969 1248 1076 1280 opus,
1113 1238 1171 1270 ubi
1196 1238 1237 1271 de
1265 1244 1420 1282 tempore
1448 1245 1525 1272 ante
1551 1249 1651 1271 exor-

143 1300 212 1326 tam
236 1295 409 1328 sociorum
435 1294 665 1328 defectionem
692 1296 823 1339 agitur.
851 1306 917 1338 quo
945 1297 1156 1330 existumare
1184 1304 1360 1340 poterant,
1389 1298 1473 1339 quid
1501 1298 1651 1341 populus

143 1354 317 1387 Romanus
342 1360 471 1397 posset.
572 1359 614 1385 13.
642 1355 870 1396 pertineat
899 1355 970 1388 noli
1006 1355 1133 1388 referre
1161 1357 1204 1389 ad
1230 1358 1402 1390 sociorum
1430 1357 1652 1390 deliberatio—

142 1423 238 1451 nem;
265 1419 379 1456 potest
406 1414 441 1445 in
469 1414 669 1445 universum
691 1413 880 1456 significari
903 1414 1071 1455 quidquid
1099 1415 1143 1446 ad
1166 1415 1294 1447 bellum
1320 1416 1509 1459 gerendum
1536 1417 1652 1458 requi-

141 1473 238 1506 ritur.
337 1478 379 1504 17.
406 1473 483 1505 isti
510 1472 669 1520 dedimus
696 1482 759 1515 pro
777 1466 854 1504 ‘illi’
883 1480 1101 1516 optumorum
1128 1474 1230 1506 codd.
1259 1474 1338 1507 vide
1370 1474 1447 1513 137,
1479 1476 1508 1509 1.

238 1530 317 1570 137,
348 1537 373 1563 1.
399 1531 442 1563 de
471 1532 599 1564 excisis
626 1542 657 1566 a.
686 1542 719 1563 u.
748 1531 817 1564 628
844 1531 1012 1575 Fregellis
1038 1532 1082 1564 cf.
1109 1532 1185 1567 Liv.
1214 1534 1303 1576 Epit,
1330 1532 1387 1567 60.
1425 1534 1516 1566 Veli.
1544 1535 1584 1573 ΙΙ,
1613 1536 1645 1568 6.

140 1595 168 1624 9.
197 1589 371 1631 aliquid
398 1589 537 1622 fuisse
560 1600 741 1623 necesse
768 1598 831 1623 est
857 1598 892 1622 ut
918 1591 1080 1624 videlicet
1104 1598 1262 1636 potentes
1290 1594 1383 1625 cives
1409 1593 1554 1626 Romani
1585 1605 1642 1627 eo-

139 1659 214 1681 rum
244 1649 430 1682 defectioni
456 1648 680 1692 praefuerint.
739 1649 784 1684 cf.
817 1650 907 1682 infra
937 1651 1021 1688 140,
1052 1652 1085 1683 2.
1189 1657 1232 1683 14.
1260 1652 1416 1694 syntaxis
1440 1645 1567 1685 ‘visum
1594 1662 1645 1688 est

138 1701 183 1740 ut'
215 1701 433 1752 comparetur
466 1718 543 1741 cum
573 1702 754 1752 ‘placitum
787 1716 856 1749 est,
890 1703 937 1742 ut'
971 1711 1020 1749 ll,
1059 1711 1073 1742 l
1105 1709 1181 1752 (27,
1207 1709 1258 1752 ὅ).
1369 1717 1411 1745 15.
1439 1722 1538 1744 ecce
1564 1714 1645 1746 tibi

138 1768 222 1800 iste
247 1767 293 1800 cf.
318 1767 495 1800 laudatum
521 1767 564 1799 ab
592 1767 726 1800 Halmio
754 1767 823 1800 Cic.
852 1779 887 1811 p.
916 1768 1005 1803 Sest.
1032 1767 1089 1801 89.
1118 1769 1160 1801 de
1187 1769 1246 1802 off.
1276 1770 1335 1809 111,
1362 1768 1418 1802 83.
1440 1788 1487 1792 —
1512 1777 1556 1806 16.
1586 1782 1647 1804 sa-

137 1825 348 1858 tisfacias
373 1832 559 1869 oportet.
612 1825 760 1859 Schiitz:
781 1820 883 1860 ‘tecte
907 1827 1120 1860 adolescenti
1145 1835 1302 1872 stuprum
1325 1830 1494 1868 minatur,
1528 1836 1644 1863 notum

137 1890 190 1918 est
214 1885 325 1923 enim,
358 1886 657 1928 constuprationes
690 1886 923 1919 masculorum
956 1896 1212 1930 nonnumquam
1238 1888 1431 1921 ulciscendi
1464 1899 1568 1922 causa
1595 1889 1646 1922 fa-

135 1950 209 1977 ctas
236 1953 314 1977 esse
329 1970 337 1977 .

233 2001 311 2041 138,
337 2008 367 2034 2.
392 2001 600 2042 rabulae,
639 2002 733 2043 quod
766 2003 867 2036 nobis
890 2004 953 2035 sub
981 2003 1049 2035 levi
1076 2003 1177 2036 codd.
1206 2010 1425 2046 optumorum
1450 2005 1494 2046 hp
1529 2016 1646 2039 corru-

136 2061 229 2106 ptela
245 2053 410 2094 ‘fabulae’
439 2061 544 2094 latere
578 2062 691 2093 visum
725 2067 795 2101 est,
821 2063 882 2093 vix
907 2063 1140 2095 necessarium
1167 2062 1369 2095 confirmare
1397 2064 1483 2096 locis
1508 2070 1544 2095 ut
1572 2064 1643 2097 Cic.

135 2122 179 2154 de
203 2131 254 2156 or.
276 2121 304 2160 Ι,
330 2120 411 2160 202,
438 2119 496 2153 Or.
522 2120 580 2159 47,
609 2119 722 2158 Quint.
750 2120 834 2160 XII,
861 2120 903 2161 9,
934 2122 994 2153 12:
1028 2115 1064 2153 ‘a
1091 2122 1165 2153 viro
1198 2121 1288 2154 bono
1326 2122 1361 2153 in
1401 2122 1557 2156 rabulam
1595 2124 1644 2156 la—

134 2185 365 2221 tratoremque
390 2172 621 2213 convertitur’.
783 2186 811 2214 3.
842 2181 998 2224 impurus
1034 2181 1136 2213 homo
1171 2191 1317 2224 puerum
1349 2181 1642 2216 honestissumum

134 2240 229 2283 turpi
260 2238 412 2272 convitio
444 2238 570 2270 violat:
607 2238 789 2270 cinaedum
821 2249 896 2271 esse
930 2239 1091 2271 muliebri
1125 2240 1359 2283 appellatione
1389 2240 1532 2283 (acerva
1565 2242 1640 2284 hp¹‚

133 2298 321 2331 exercitata
344 2296 455 2340 Ιιμῑα)
487 2296 676 2341 significat:
712 2297 793 2330 inde
825 2298 992 2341 suspicati
1023 2309 1142 2331 sumus
1176 2298 1361 2342 legendum
1394 2310 1471 2332 esse
1499 2293 1578 2332 ‘ista
1603 2312 1638 2344 p.

132 2364 183 2391 est
207 2363 310 2398 atque
335 2349 518 2400 proterva'.
576 2357 638 2388 vix
669 2357 761 2388 enim
795 2357 983 2398 quidquam
1013 2363 1192 2400 praeterea
1217 2357 1362 2390 subesse
1389 2359 1554 2391 credibile
1579 2371 1640 2392 vo-

132 2416 254 2449 cabulo
275 2408 423 2449 ‘acerva’
450 2425 513 2458 pro
541 2425 607 2457 quo
629 2408 778 2448 ‘acerba'
806 2417 1030 2459 scripsimus,
1065 2422 1101 2448 ut
1133 2416 1258 2448 Latina
1285 2417 1408 2450 saltem
1434 2428 1503 2450 vox
1536 2419 1640 2451 reliu-

132 2481 312 2518 queretur;
343 2484 434 2507 nunc
458 2475 612 2517 paenitet
637 2484 701 2507 nos
733 2485 801 2507 non
837 2475 1042 2518 ipsumhoc
1067 2468 1253 2518 ‘proterva’
1287 2476 1458 2508 intulisse.
1517 2478 1639 2510 sola-

129 2535 238 2567 rium
264 2533 424 2566 tractavit
445 2533 577 2568 Victor.
605 2533 699 2568 Lect.
721 2533 816 2573 XXI,
842 2533 885 2567 13
909 2534 969 2566 ubi
996 2533 1095 2566 affert
1121 2534 1234 2566 locum
1260 2536 1471 2578 appositum,
1499 2535 1569 2569 Cic.
1599 2547 1633 2580 p.

1686 1123 1725 1156 13

1674 1655 1715 1688 14

130 2592 244 2632 Quint.
272 2590 318 2625 59
345 2585 449 2624 ‘vixit
476 2592 568 2624 enim
592 2602 730 2635 semper
756 2591 884 2624 inculte
909 2597 1010 2634 atque
1044 2592 1185 2626 horride
1209 2612 1257 2616 —
1288 2604 1356 2626 non
1388 2594 1433 2626 ad
1469 2595 1635 2628 solarium
1662 2591 1667 2595 ’

128 2661 197 2683 non
219 2651 256 2682 in
278 2660 401 2693 campo
426 2660 495 2683 nou
520 2652 556 2683 in
582 2652 752 2684 conviviis
775 2657 934 2684 vorsatus
961 2645 1036 2684 est.'
1095 2652 1305 2685 obscoenum
1338 2663 1498 2691 sensum,
1535 2664 1635 2694 quem

130 2709 235 2742 habet
260 2708 295 2741 h.
321 2708 344 2740 1.
370 2702 582 2742 ‘exercitata'
610 2710 770 2753 exempla
796 2710 969 2742 illustrent
995 2709 1117 2742 Catull.
1144 2710 1234 2753 LXI,
1259 2710 1327 2744 235
1348 2717 1379 2743 et
1401 2711 1472 2745 Cic.
1490 2711 1563 2745 Cat.
1591 2712 1634 2749 ΙΙ,

129 2768 164 2801 9.
193 2778 236 2800 ex
265 2777 332 2808 quo
357 2766 434 2800 loco
460 2769 564 2800 etiam
585 2769 771 2802 verborum
800 2763 906 2813 ‘poue
933 2762 1084 2802 scenam'
1107 2769 1296 2812 explicatio
1324 2770 1489 2813 petenda:
1519 2763 1633 2800 ‘nemo

129 2827 221 2869 (est)
246 2827 282 2857 iu
304 2835 409 2858 scena
433 2826 544 2860 levior
568 2832 601 2859 et
621 2829 783 2869 nequior,
818 2829 877 2869 qui
901 2839 939 2860 se
967 2838 1036 2860 non
1066 2828 1221 2861 eiusdem
1247 2827 1359 2870 (Cat.)
1391 2837 1499 2870 prope
1532 2827 1635 2859 soda-

127 2885 196 2917 lem
217 2883 326 2916 fuisse
349 2878 602 2920 conmemoret’.
654 2887 817 2918 nimirum
847 2887 1145 2929 contemptissumi
1177 2891 1255 2918 suut
1292 2885 1499 2917 histrionum
1536 2893 1631 2916 amo-

127 2953 196 2977 res.
294 2948 323 2974 9.
349 2941 463 2974 aliena
483 2942 586 2986 plane
610 2943 652 2976 ab
678 2944 818 2987 ingenio
841 2945 1020 2988 scriptoris
1045 2945 1250 2987 admonitio,
1280 2954 1323 2975 ex
1344 2943 1431 2986 ipsis
1456 2943 1626 2986 exemplis
1656 2947 1698 2979 15
