1907 3166
266 170 349 212 264
908 170 1112 206 NOTAE.

267 278 376 316 νώσει
406 275 696 319 κατασκευάζειν
731 298 777 304 -
807 270 900 311 ὅταν
929 273 979 321 μὴ
1009 277 1155 319 δείξας,
1188 271 1247 310 ὅτι
1280 273 1476 323 ἐποίησεν,
1509 274 1677 324 αὐξήσῃς
1710 277 1751 314 vd

267 341 430 382 πρᾶγμα.
530 346 571 371 13.
606 349 788 381 corpore
815 339 1109 371 decoloratum
1138 337 1233 369 multi
1266 337 1366 371 codd.
1403 337 1540 377 habent,
1575 339 1753 372 defensum

265 411 283 431 a
308 399 440 431 Klotzio
469 408 511 429 ex
538 397 606 429 Cic.
634 398 673 429 N.
702 398 743 429 D.
772 398 814 436 11,
844 397 929 440 139,
963 398 1019 429 ubi
1054 397 1202 438 loquitur
1234 397 1275 429 de
1302 398 1437 430 ossibus
1466 391 1568 439 ‘quae
1602 399 1755 432 subiecta

265 456 398 499 corpori
425 455 592 487 mirabilis
626 455 855 488 conmissuras
892 447 1024 487 babent'
1059 460 1089 486 at
1123 455 1151 486 is
1186 454 1279 485 locus
1315 465 1391 486 cum
1424 462 1536 488 nostro
1563 458 1754 499 comparari

265 524 329 545 non
352 518 475 556 potest.
526 513 661 545 videtur
692 514 807 555 potius
839 524 880 545 ex
907 513 951 551 ΙΙ,
979 512 1000 544 8
1027 507 1192 544 ‘livore
1227 506 1374 545 decol.'
1404 514 1632 554 revocandum
1665 525 1752 553 esse,

267 577 302 603 ut
330 571 409 602 hinc
434 571 504 602 illic
532 571 751 603 scribendum
772 565 918 602 ‘tumore
944 563 1159 613 praeditum'.

360 630 416 667 72,
443 635 470 660 2.
509 629 579 663 Cic,
609 630 678 660 luv.
708 630 730 667 1,
757 629 802 661 94
835 630 952 661 eadem
983 629 1054 661 sere
1086 629 1206 668 habet,
1240 629 1366 671 cogitat
1397 634 1509 661 autem
1534 627 1591 661 hie
1613 634 1753 671 uterque

266 688 307 719 de
340 693 539 730 argumento
574 688 819 719 deliberativae
853 698 995 723 causae:
1037 694 1067 719 at
1103 688 1149 719 ib.
1185 688 1208 727 1,
1234 687 1280 721 30
1307 688 1494 730 praecipit:
1530 681 1659 720 ‘omnia
1687 694 1752 721 tor-

265 746 399 786 quenda
418 750 493 778 sunt
512 745 554 777 ad
578 746 792 777 commodum
815 756 896 777 suae
916 756 1049 784 causae,
1070 746 1252 785 contraria,
1270 756 1355 786 quae
1379 746 1557 788 praeteriri
1580 752 1748 790 poterunt,

264 803 522 846 praetercundo,
550 814 635 844 quae
665 804 757 836 illius
792 810 905 843 erunt,
935 804 1054 836 leviter
1079 804 1290 847 attingendo,
1324 814 1385 835 sua
1408 804 1591 847 diligenter
1614 810 1645 837 et
1672 816 1751 837 cuo-

266 861 342 893 date
373 855 582 893 enarrando'.
636 863 803 894 contraria
835 868 946 894 tamen
981 863 1094 893 omnia
1122 863 1356 894 adversarium
1387 863 1568 901 adiuvant,
1609 870 1683 903 aut,
1719 869 1754 895 ut

263 919 318 951 liic
342 920 475 962 legitur,
505 920 597 951 illius
623 927 717 958 sunt;
751 922 945 963 oppositum
971 922 1153 961 requiritur
1174 915 1276 962 ‘quae
1302 922 1446 953 dicenda
1470 916 1575 953 eruut'
1606 922 1640 954 id
1661 923 1750 963 quod

264 978 364 1009 habet
390 978 465 1011 cod.
494 977 524 1010 lc.
624 985 649 1010 4.
685 980 716 1009 in
745 980 903 1022 exemplo
931 980 972 1011 de
999 979 1158 1011 frumenti
1192 980 1373 1022 largitione
1408 979 1509 1022 volgo
1537 981 1752 1022 pravissume

263 1036 440 1067 commoda
465 1036 602 1067 alterius
627 1037 673 1067 rei
702 1047 776 1067 cum
799 1037 1024 1069 incommodis
1051 1037 1193 1070 alterius
1219 1042 1472 1080 comparantur,
1497 1037 1555 1069 ubi
1584 1038 1752 1070 debebant

264 1094 436 1133 utriusque
465 1098 519 1124 aut
546 1094 723 1126 commoda
750 1100 806 1125 aut
833 1095 1048 1127 incommoda
1071 1095 1277 1137 comparari.
1330 1095 1537 1127 correctione
1562 1100 1674 1128 autem
1701 1095 1751 1128 fa-

262 1158 315 1183 cta
337 1145 437 1192 ‘quae
466 1145 688 1184 incommoda'
715 1152 942 1185 manufestum
967 1153 1033 1184 iam
1061 1159 1130 1185 erat
1154 1153 1295 1186 moleste
1324 1153 1498 1186 abundare
1521 1154 1664 1186 alterum
1685 1147 1750 1186 riu-

263 1202 463 1243 commoda'.
563 1217 588 1241 7.
619 1211 734 1242 velut
763 1212 976 1254 depressa
1004 1217 1036 1242 ut
1067 1217 1117 1243 est
1140 1222 1197 1254 ap.
1227 1212 1295 1243 Cic.
1323 1222 1358 1254 p.
1385 1212 1515 1243 Clueut.
1546 1211 1630 1245 183:
1662 1206 1751 1245 ‘sae-

263 1279 304 1310 pe
332 1268 512 1300 multorum
546 1269 751 1310 inprobitate.
778 1270 942 1312 depressa
969 1270 1093 1301 veritas
1127 1270 1270 1312 emergit
1297 1275 1327 1301 et
1356 1269 1568 1302 innocentiae
1595 1271 1748 1304 defensio
1782 1268 1786 1271 “

262 1325 443 1357 interclusa
471 1320 639 1368 respiras.
693 1338 732 1359 ne
757 1328 890 1360 Graevii
919 1329 1147 1360 coniecturam
1174 1321 1219 1359 ‘et
1248 1339 1334 1368 quae
1360 1328 1441 1360 velit
1467 1321 1640 1371 depressa’
1662 1330 1750 1361 acci-

262 1395 342 1425 pere
369 1394 579 1426 cogeremur,
609 1387 768 1428 egregius
796 1387 882 1419 liber
905 1396 931 1417 π
959 1387 1050 1426 fecit,
1079 1388 1112 1418 111
1133 1398 1198 1428 quo
1224 1392 1273 1419 est
1295 1381 1342 1419 ‘ct
1367 1398 1468 1428 quam
1493 1387 1586 1420 velut
1612 1388 1751 1431 depres-

261 1436 320 1482 sa'‚
356 1443 443 1474 unde
477 1443 706 1476 intelleximus
734 1438 781 1476 eet
812 1437 922 1485 quam'
957 1456 998 1477 ex
1025 1438 1096 1477 ‘aut
1130 1438 1242 1488 plauc'
1279 1451 1474 1488 corruptum
1509 1457 1595 1479 esse.
1702 1453 1746 1482 11.

262 1500 528 1532 Alb-ensibus
554 1512 602 1534 an
629 1503 826 1534 Vestinis
861 1504 1166 1536 I'iuneusibus.
1219 1504 1288 1546 egit
1314 1504 1355 1535 de
1380 1504 1605 1538 Pinnensibus
1634 1503 1746 1547 (Πιν-

230 1555 232 1559 ’
262 1555 389 1599 νῆται)
416 1558 556 1594 Diodor.
584 1560 651 1592 Sic.
682 1561 767 1594 libro
793 1561 968 1601 xxxvlt,
995 1568 1027 1593 ut
1056 1562 1161 1602 liquet
1183 1572 1225 1593 ex
1252 1562 1347 1594 brevi
1375 1562 1496 1605 fragm.
1524 1563 1568 1603 X,
1599 1563 1664 1596 192
1690 1564 1745 1599 cd.

189 2662 233 2693 46

260 1617 337 1659 ssip.
358 1618 378 1654 ,ξ’
404 1618 449 1650 20
476 1618 528 1651 ed.
558 1618 673 1651 Didot.

354 1675 409 1712 7&
436 1681 462 1707 3.
500 1675 616 1709 Cicero
649 1676 736 1707 lianc
771 1676 913 1709 sormam
942 1678 1084 1708 vitiosae
1118 1679 1421 1719 argumentationis
1447 1688 1513 1712 11011
1540 1679 1663 1712 diserte
1690 1680 1745 1713 de-

260 1733 395 1767 scribit:
430 1732 585 1765 cohaeret
614 1739 724 1766 autem
752 1745 827 1766 cum
857 1735 945 1766 mala
974 1735 1168 1767 definitione
1202 1737 1273 1768 luv.
1301 1737 1326 1775 Ι,
1351 1736 1408 1775 91,
1444 1748 1464 1769 3
1490 1737 1619 1773 Cornif.
1643 1749 1748 1782 supra

258 1790 298 1827 Il,
324 1790 364 1822 41
394 1796 545 1824 tractata.
599 1802 717 1832 quam
753 1803 833 1824 rem
866 1792 899 1824 11.
929 1805 959 1827 e.
988 1804 1053 1834 quo
1080 1794 1214 1826 nomine
1250 1805 1303 1826 res
1329 1795 1538 1837 appellanda
1563 1796 1624 1835 sit3
1654 1797 1747 1829 scili-

259 1852 310 1879 cet
335 1858 439 1889 penes
467 1859 563 1879 usum
583 1842 772 1881 ‘arbitrium
801 1856 849 1881 est
876 1857 904 1881 et
934 1851 985 1882 ius
1016 1857 1044 1883 et
1070 1861 1187 1883 norma
1206 1845 1376 1892 loquendi’
1403 1852 1503 1893 (Hor,
1532 1854 1573 1887 Α.
1603 1854 1639 1886 Ρ.
1668 1854 1743 1897 72).

258 1913 285 1937 5.
315 1906 348 1937 Ρ.
378 1905 618 1948 Sulpicius,
653 1914 688 1938 ut
722 1914 771 1941 est
800 1909 831 1939 in
859 1909 931 1940 Liv.
960 1920 1014 1951 ep.
1045 1910 1101 1948 77,
1130 1910 1283 1941 tribunus
1310 1910 1420 1952 plebis
1447 1917 1584 1944 auctore
1610 1912 1646 1947 C.
1676 1913 1746 1946 Ma-

258 1965 306 1995 rio
334 1964 544 2007 perniciosas
572 1965 664 2008 leges
690 1966 932 2008 promulgavit,
961 1974 993 1998 ut
1017 1967 1135 1999 exules
1162 1974 1401 2001 revocarentur
1427 1975 1458 2002 et
1481 1971 1559 2002 novi
1585 1972 1677 2004 cives
1704 1973 1745 2004 li-

258 2023 447 2063 bertinique
475 2024 758 2056 ‹listribuerenttu·
784 2026 816 2056 in
845 2026 964 2056 tribus.
994 2026 1039 2060 cf.
1069 2026 1255 2059 Mommsen
1279 2028 1312 2061 (1,
1342 2030 1426 2060 riim.
1456 2029 1550 2060 Trib.
1576 2029 1642 2063 169
1668 2041 1742 2072 sqq.

258 2087 284 2111 7.
321 2081 495 2113 eandem
528 2082 661 2124 legem
693 2082 726 2116 h.
756 2094 784 2115 c.
813 2084 853 2114 de
879 2084 997 2115 eadem
1023 2094 1076 2122 re,
1112 2089 1278 2123 ceterum,
1315 2096 1401 2126 quae
1434 2091 1483 2118 est
1510 2087 1743 2130 interpretatio

258 2139 390 2171 Ernesti
413 2132 494 2171 ‘non
522 2140 562 2171 de
590 2141 749 2173 exulibus
776 2152 840 2173 nou
869 2143 1083 2182 revocandis,
1111 2144 1184 2182 sed,
1211 2144 1252 2175 110
1273 2144 1444 2183 exulibus,
1472 2150 1503 2177 et
1528 2146 1665 2186 quidem
1692 2159 1744 2180 rc-

258 2190 430 2229 vocandis'
462 2198 598 2230 videtur
624 2204 735 2231 autem
762 2200 819 2231 ille
852 2210 916 2231 nou
950 2200 1142 2233 affirmasse
1174 2211 1191 2232 a
1217 2212 1292 2234 sese
1319 2201 1420 2233 aliam
1447 2208 1547 2243 atque
1572 2210 1670 2236 311103
1698 2205 1745 2238 10-

257 2266 333 2298 gem
360 2265 447 2286 nunc
474 2256 572 2295 ferri,
598 2262 666 2295 set,
697 2268 762 2298 quo
792 2259 868 2300 ipso
895 2258 1122 2290 differentiam
1149 2260 1292 2290 recentis
1319 2259 1406 2302 legis
1431 2260 1663 2294 demonstrare
1690 2273 1745 2296 co-

255 2314 410 2352 nabatur,
433 2307 545 2345 ‘aliis'.
598 2315 763 2348 diceret
799 2318 982 2359 opponitur
1009 2317 1103 2349 alteri
1138 2318 1241 2350 verbo
1268 2318 1418 2357 ferret,
1447 2320 1538 2360 quod
1562 2325 1596 2351 ut
1624 2321 1656 2351 in
1682 2321 1744 2353 im-

256 2372 430 2413 plicatiore
451 2378 615 2404 structura
636 2374 735 2405 citius
761 2375 1025 2418 intellegeretur,
1045 2377 1200 2419 suspicor
1223 2387 1240 2408 a
1267 2378 1433 2420 scriptore
1461 2378 1614 2410 additum
1636 2379 1744 2413 fuisse

253 2429 454 2470 particulam
479 2430 748 2467 adversativam:
775 2439 950 2475 praeterea
977 2435 1061 2466 eieci
1087 2445 1194 2473 narn,
1223 2436 1312 2476 quod
1334 2442 1411 2478 post
1432 2430 1745 2470 ‘conmutationem'

255 2486 474 2525 adhaeserat,
515 2488 683 2530 planeque
717 2491 919 2523 obscurabat
954 2494 1254 2534 constructionem,
1292 2494 1394 2525 verbo
1429 2494 1599 2526 dicebat
1636 2495 1692 2538 (9)
1724 2508 1744 2530 a

250 2537 359 2585 ‘qui'
388 2545 441 2587 (ὃ)
470 2546 614 2579 divolso.
636 2565 682 2569 -—
701 2559 786 2588 quae
814 2550 891 2581 inde
918 2560 935 2580 a
962 2552 982 2590 §
1007 2551 1051 2583 40
1077 2557 1294 2583 recensentur
1318 2552 1413 2594 vitia,
1441 2551 1677 2592 Quint‚v,13,
1698 2553 1743 2587 34

259 2603 395 2634 brevius
423 2602 595 2635 describit.
697 2611 740 2638 12.
776 2607 811 2636 si
844 2617 930 2638 cum
965 2618 1094 2639 eausa
1128 2608 1243 2640 fecit.
1295 2609 1393 2640 audis
1420 2609 1590 2642 hominem
1619 2611 1743 2643 Maria-

263 2671 380 2692 narum
407 2662 566 2702 partium.
668 2668 709 2696 16.
740 2669 776 2694 et
802 2664 1231 2706 amplificationibus
1256 2676 1321 2698 nou
1349 2672 1416 2705 est,
1450 2677 1509 2699 cur
1537 2678 1612 2700 cum
1639 2670 1742 2702 Erne-

256 2725 306 2751 sto
334 2729 373 2749 ac
399 2719 645 2761 posterioribus
681 2721 868 2754 editoribus
895 2728 1091 2764 suspectum
1119 2723 1326 2762 habeamus,
1354 2726 1567 2758 exornatioui
1595 2727 1683 2759 enim
1712 2729 1741 2760 s't

254 2776 380 2808 similia
408 2778 565 2820 exempla
590 2788 643 2810 res
671 2779 839 2811 iudicatae
866 2781 1073 2820 inserviunt,
1103 2781 1219 2821 quidni
1250 2781 1469 2824 amplificatio
1496 2786 1653 2826 quoque?
1701 2797 1742 2818 ea

254 2837 375 2868 vitiose
400 2842 601 2879 usurpatur,
633 2838 663 2869 si
690 2839 766 2879 quis
791 2846 910 2882 augeat
938 2846 1113 2882 peccatum
1141 2847 1215 2872 ante
1243 2852 1341 2882 (piam
1377 2843 1460 2875 satis
1493 2843 1616 2876 idonea
1639 2855 1740 2887 argu-

253 2901 363 2929 menta
389 2896 562 2928 commissi
588 2896 748 2929 facinoris
774 2898 919 2930 attulerit
949 2898 1020 2941 (74,
1053 2897 1123 2938 12),
