1907 3166
205 696 248 727 tiz)

271 162 355 204 308
924 162 1130 199 NOTAE.

274 276 473 314 desideres,
513 275 558 309 cl'.
597 285 704 317 snpra
738 274 795 313 90,
823 274 846 306 9
877 267 1019 315 ‘quibus
1041 283 1084 305 cx
1113 273 1215 306 rebus
1240 274 1378 306 laudem
1405 275 1702 314 constituerimus,
1739 286 1782 308 ex

273 334 454 369 contrariis
483 333 585 366 rebus
612 334 675 365 erit
702 333 911 376 vituperatio
937 324 1183 375 conparanda’.
1296 338 1340 366 15.
1370 334 1601 366 terrestris
1628 339 1668 366 et
1697 344 1781 366 ma-

274 395 447 427 ritimas
474 398 509 425 nt
534 393 684 436 legatur,
719 393 849 435 flagitat
876 392 1107 430 concinnitas,
1144 402 1211 433 qua
1240 390 1297 423 hic
1331 391 1481 433 quinque
1510 398 1688 435 praetcrea
1721 403 1781 435 pa-

275 454 325 485 ria
349 458 617 496 componuntur:
636 445 821 484 ‘eoelestis'
850 457 965 483 natum
995 450 1129 483 videtur
1151 460 1193 482 ex
1220 450 1502 494 interpretatione
1522 443 1620 484 ‘cete'
1645 457 1782 484 servata

275 514 308 544 in
332 512 388 554 lep,
419 517 509 544 recte
535 511 647 544 deleta
675 511 707 543 in
735 520 795 543 en.

370 570 448 612 199,
475 576 503 605 3.
532 569 701 604 docere.
759 570 952 602 accuratius
989 575 1061 602 erat
1091 563 1279 612 ‘pi-obare',
1313 578 1380 610 quo
1415 578 1523 612 supra
1556 567 1630 603 solo
1663 569 1780 602 utitur.

275 630 392 674 paullo
419 636 496 662 ante
523 629 671 661 venari
703 638 767 661 nou
794 635 911 672 aptum
939 635 1007 666 est,
1036 628 1092 660 ubi
1115 628 1257 660 effectus
1280 627 1558 671 investigationis
1585 629 1695 662 notari
1722 629 1782 661 de-

278 692 344 725 bet.
443 696 470 722 7.
497 687 754 730 exemplunm.
807 687 850 719 dc
877 698 916 721 eo
943 688 987 720 cs.
1017 688 1085 720 Cic.
1118 689 1188 720 lnv.
1215 687 1246 726 I,
1273 686 1318 719 49
1345 680 1561 731 ‘exemplum
1588 694 1658 729 est,
1689 688 1782 729 qnod

275 762 345 784 rem
370 748 571 782 auctoritate
596 753 654 778 aut
687 757 769 779 casu
802 746 949 780 alieuius
983 746 1132 779 hominis
1167 752 1224 778 aut
1255 747 1371 790 negoti
1397 746 1576 779 confirmat
1603 751 1661 779 aut
1689 747 1781 778 iulii·-

274 802 363 843 mat'.
423 808 513 841 Part.
551 806 598 839 ·10
630 798 845 838 ‘maxumam
887 806 968 838 facit
1009 806 1111 838 tidem
1145 805 1188 838 ad
1224 805 1486 838 similitudinem
1519 805 1591 838 veri
1631 805 1780 849 primum

274 867 490 910 exemplum,
519 864 645 898 deiude
672 865 863 897 introducta
889 866 936 897 rci
964 857 1178 899 sitnilitudo’.
1230 864 1320 897 adde
1346 864 1507 898 Anaxim.
1535 863 1594 905 30,
1621 864 1676 897 15.
1704 874 1781 897 cum

275 934 342 960 not.
371 926 500 968 Spcng.
523 930 554 956 et
584 923 715 956 Andoc-
744 924 799 962 lll,
827 924 860 963 2,
889 925 993 958 lsocr.
1023 925 1048 961 l,
1077 924 1134 958 34.
1162 923 1375 967 exemplum,
1405 934 1471 965 qno
1489 923 1561 958 Cio.
1590 923 1694 955 utitur
1722 933 1783 966 per

273 984 499 1021 contrarium,
526 991 576 1015 cst
602 994 635 1026 p.
661 982 750 1015 Sest.
776 982 821 1015 37
842 975 941 1024 ‘qnid
967 983 1057 1015 enim
1084 982 1199 1014 simile
1226 982 1289 1014 fnit
1310 983 1343 1015 in
1366 975 1513 1014 Metello'
1539 982 1665 1015 deinde
1682 993 1780 1015 suam

273 1055 412 1076 cansam
438 1054 500 1086 per
526 1042 613 1074 lianc
640 1041 962 1073 ‹lissimilittulitu-ui
989 1042 1154 1073 illustrat:
1185 1042 1299 1084 inepte
1325 1041 1462 1073 imitans
1490 1051 1531 1073 ea
1555 1042 1703 1084 scriptor
1728 1051 1778 1076 or.

273 1103 316 1135 ad
342 1102 436 1141 Qnir.
472 1107 549 1145 post
582 1101 654 1133 red.
685 1102 708 1133 6
739 1101 1017 1143 deprecationem
1052 1099 1267 1132 Metellorum
1301 1100 1516 1143 comparavit
1549 1110 1624 1132 cum
1659 1100 1783 1144 depre-

272 1162 406 1194 catione
429 1161 464 1193 C.
494 1161 630 1194 Pisonis
655 1166 686 1192 et
714 1159 752 1197 Q.
780 1159 970 1191 Ciceronis.
999 1169 1056 1201 ap.
1090 1158 1268 1191 Demostli.
1306 1159 1385 1192 vide
1413 1158 1544 1198 XVIll,
1572 1158 1660 1198 319,
1686 1159 1780 1198 XIX,

273 1221 360 1259 200,
387 1221 475 1258 271,
505 1219 636 1258 XXIV,
674 1218 751 1252 133.
785 1230 841 1261 ap.
871 1218 980 1251 Cicer.
1011 1224 1149 1262 praeter
1175 1218 1198 1253 Ι.
1228 1218 1330 1251 modo
1359 1217 1453 1250 land.
1479 1228 1515 1261 p.
1541 1218 1628 1250 Mur.
1655 1218 1701 1252 58
1727 1230 1779 1261 sq.

273 1298 318 1302 —
368 1279 599 1323 praeteriti
622 1271 943 1319 ’ἀποφθέγματος
976 1278 1018 1309 ab
1046 1277 1221 1310 historicis
1252 1269 1438 1310 memorati’
1467 1282 1503 1309 ut
1535 1277 1631 1320 expl.
1659 1277 1778 1312 Orelli.

272 1359 318 1364 —
369 1345 413 1373 tt.
442 1338 595 1381 exempli
625 1337 823 1380 exemplum
856 1336 971 1368 afferri
1005 1348 1107 1380 posse
1141 1336 1230 1369 idem
1265 1336 1306 1368 V.
1342 1336 1385 1369 D.
1419 1337 1494 1369 sine
1520 1346 1626 1369 causa
1660 1342 1779 1380 negat:

274 1410 375 1441 quom
403 1397 600 1440 exemplum
629 1395 683 1429 liic
711 1398 753 1429 sit
787 1396 994 1429 rhetoricum
1023 1395 1248 1435 vocabulum,
1291 1405 1357 1429 non
1390 1395 1620 1439 intellegitur,
1661 1405 1722 1428 eur
1747 1395 1781 1428 id

274 1458 434 1501 exemplo
462 1457 651 1490 secundum
685 1457 863 1500 volgare-m
898 1456 1070 1487 notionem
1103 1456 1154 1487 sic
1180 1454 1273 1488 dicto
1306 1454 1447 1498 probari
1476 1460 1634 1496 nequeat.
1735 1461 1779 1489 19.

274 1519 418 1561 imago
452 1516 612 1549 delinitur
647 1527 667 1547 a
702 1516 771 1547 Cic.
810 1516 881 1547 lnv.
918 1515 950 1554 1,
982 1514 1045 1546 ι19;
1082 1509 1206 1547 ‘oratio
1241 1514 1482 1547 demonstrans
1512 1523 1695 1557 corporum
1725 1518 1783 1546 aut

275 1584 471 1609 naturarum
507 1575 789 1613 similitudinem,
828 1585 888 1606 nec
919 1574 1019 1606 aliter
1052 1574 1166 1611 Quint.
1200 1574 1244 1612 V,
1275 1573 1338 1612 11,
1374 1574 1440 1613 24,
1469 1573 1654 1606 Herodian.
1690 1571 1780 1610 VIII,

273 1637 360 1674 tito,
400 1636 524 1667 Minue.
555 1635 576 1668 l.
611 1647 639 1666 c.
673 1644 778 1677 snpra
806 1634 872 1672 lx,
899 1632 980 1666 (503.
1012 1631 1189 1665 Aristotel.
1218 1631 1318 1664 Rhet.
1343 1632 1408 1671 Ill,
1434 1633 1475 1671 4,
1505 1631 1522 1664 l
1551 1631 1735 1674 imaginem
1761 1641 1781 1663 a

273 1694 497 1727 translatione
524 1694 665 1735 (latiore
692 1703 814 1732 sensu,
842 1699 877 1724 nt
900 1691 1146 1734 complectatur
1168 1690 1476 1734 permutationem)
1500 1689 1574 1723 sola
1603 1699 1781 1733 compara-

272 1755 362 1786 tivae
385 1752 573 1796 particulae
596 1751 788 1784 adiectione
811 1750 951 1782 differre
977 1750 1087 1782 (locet.

368 1812 449 1850 200,
477 1818 504 1843 4.
534 1816 716 1853 aspectu
741 1816 956 1842 venenato
985 1809 1076 1850 quod
1102 1814 1151 1840 est
1178 1809 1211 1840 in
1239 1807 1338 1840 libris
1364 1808 1536 1850 optumis,
1563 1807 1710 1842 sortasse
1726 1819 1779 1841 re-

273 1872 372 1904 tineri
398 1876 550 1914 poterat,
580 1869 753 1910 siqnidem
779 1869 829 1901 sie
856 1869 1063 1911 exprimitur
1088 1861 1284 1911 βάσκανος
1311 1859 1540 1908 ὄφθαλμόςς
1567 1867 1670 1899 etiam
1695 1868 1781 1910 spi-

273 1932 386 1964 ritus
414 1929 596 1962 rabidus
622 1928 657 1963 h.
688 1940 719 1963 e.
747 1928 889 1963 rabiosi.
932 1928 1103 1960 tenuimus
1129 1932 1243 1959 tamen
1270 1925 1415 1959 alterum
1443 1931 1477 1957 ut
1502 1931 1644 1958 naturae
1670 1927 1781 1969 magis

272 1996 552 2023 cousentaneum.
650 1994 677 2020 6.
706 1988 741 2020 in
766 1988 967 2020 universum
996 1992 1086 2019 recte
1106 1986 1236 2018 iudicat
1260 1985 1341 2020 Ern.
1370 1984 1413 2018 de
1439 1984 1504 2018 hac
1524 1985 1688 2029 imagine,
1714 1972 1781 2018 rei-

273 2050 366 2081 cieus
387 2040 461 2080 ‘ore
485 2038 674 2089 attingere’:
704 2039 798 2078 ‘nam
826 2057 888 2078 nec
921 2056 1062 2079 sensnm
1094 2044 1312 2078 commodum
1339 2043 1445 2077 habet
1479 2051 1512 2078 et
1538 2045 1629 2078 tollit
1654 2055 1780 2087 aequa-

274 2109 403 2140 litatem
430 2105 666 2138 antecedentis
692 2112 724 2137 et
751 2105 1010 2147 consequentis:
1038 2105 1069 2136 in
1098 2104 1208 2148 primo
1235 2109 1314 2136 sunt
1339 2104 1422 2136 tria:
1450 2104 1570 2137 dentes
1596 2103 1782 2147 adspectus

271 2167 433 2211 spiritns:
468 2164 524 2196 liic
550 2173 632 2207 ergo
660 2164 788 2207 pariter
814 2165 879 2196 tria
903 2174 981 2196 csse
1005 2162 1150 2201 debent,
1185 2172 1392 2204 quamquam
1418 2172 1494 2194 cum
1528 2162 1645 2204 aliqua
1671 2163 1782 2196 varie-

271 2232 356 2258 tate:
385 2224 503 2257 fauces
530 2223 649 2255 dentes
676 2215 817 2266 lingua'.
869 2221 1055 2254 maluimus
1077 2213 1261 2253 ‘l'aucibns'
1287 2225 1423 2261 notare,
1456 2221 1499 2254 de
1525 2220 1694 2254 infinitivo
1719 2222 1781 2254 Er-

271 2290 367 2316 nesto
396 2282 656 2316 assentiendnm
683 2281 764 2314 suit:
793 2282 884 2323 quod
911 2282 1001 2313 enim
1026 2280 1130 2313 Orelli
1159 2280 1333 2323 volgatam
1354 2280 1442 2312 tueri
1464 2290 1569 2323 posse
1592 2280 1659 2312 sibi
1685 2281 1781 2313 visus

271 2348 323 2375 est
348 2343 485 2374 invento
506 2338 624 2383 ‘quem
651 2334 718 2374 ore'
749 2342 782 2373 in
815 2341 892 2373 cod.
921 2346 934 2373 t
958 2359 1005 2364 —
1031 2346 1082 2373 est
1107 2340 1209 2372 etiam
1242 2340 1275 2371 iu
1310 2339 1428 2372 multis
1458 2339 1537 2372 aliis
1561 2357 1609 2362 —-
1633 2349 1699 2371 non
1727 2350 1776 2372 re-

271 2401 413 2444 putabat
439 2394 631 2443 ‘attingere'
663 2401 777 2433 debile
804 2411 880 2433 esse
916 2405 994 2443 post
1013 2392 1159 2432 ‘afflare'
1189 2410 1251 2431 nee
1271 2399 1434 2439 attendit,
1462 2409 1564 2441 quam
1590 2399 1781 2432 insuaviter

272 2460 475 2503 pronomine
499 2461 708 2493 constructio
735 2459 988 2503 interpelletur.

366 2518 447 2557 201,
475 2524 500 2550 1.
536 2529 626 2551 cum
658 2519 782 2551 domo
809 2536 857 2542 ——
888 2518 1102 2551 aufertur.
1157 2511 1280 2549 ‘totum
1307 2517 1372 2551 hoc
1400 2517 1585 2550 ridiculum
1609 2515 1780 2562 emblema

272 2587 335 2610 nos
359 2571 577 2609 seclusimus'
603 2577 651 2608 ait
676 2576 795 2611 Orelli.
847 2583 880 2609 at
906 2577 1092 2609 ridiculum
1110 2576 1284 2609 hominem
1311 2577 1363 2609 sic
1387 2576 1539 2610 describi
1564 2576 1686 2608 vitium
1712 2585 1779 2608 non

273 2641 341 2673 est,
366 2646 429 2668 nec
453 2645 472 2667 a
504 2635 808 2667 verisimilitudine
844 2635 1025 2674 abhorret,
1060 2636 1209 2679 primum
1242 2635 1344 2667 exedi
1380 2635 1478 2667 illum
1511 2633 1576 2676 (cf.
1604 2634 1685 2666 Ter.
1713 2634 1778 2666 He-

273 2701 342 2728 ant.
370 2695 436 2735 ΙΙΙ,
472 2694 507 2734 1,
543 2693 606 2735 53)
637 2694 679 2726 ab
707 2694 885 2733 hostibus,
919 2694 1045 2726 deinde
1077 2694 1254 2726 exinanita
1285 2693 1387 2726 domo
1421 2693 1535 2736 abripi
1567 2703 1630 2736 pro
1662 2703 1776 2728 servo.

276 2755 304 2788 si
341 2754 425 2797 quid
456 2752 596 2786 ridiculi
628 2752 685 2785 hie
717 2757 787 2792 est,
823 2751 941 2784 haeret
971 2763 1012 2785 ea
1044 2752 1252 2794 vituperatio
1278 2752 1312 2784 iu
1341 2751 1460 2794 libris,
1498 2753 1556 2794 qui
1582 2745 1780 2785 habent‘ut

206 2816 252 2849 (53
276 2813 474 2846 comedatur
499 2804 675 2847 aufertur’.
773 2817 802 2844 3.
829 2811 1013 2844 eefictio
1045 2815 1129 2854 aput
1153 2811 1315 2853 Hermog.
1344 2811 1446 2854 Prog.
1474 2812 1519 2844 47
1552 2810 1683 2844 Theon.
1710 2811 1780 2846 239

276 2880 327 2906 est
354 2867 551 2914 ἔκφρασις,
576 2881 634 2914 ap.
661 2870 776 2912 Aquil.
806 2871 904 2903 Rom.
931 2863 1186 2908 διατύπωσιςς
1214 2875 1375 2902 tractatur
1400 2880 1420 2902 a
1445 2869 1560 2909 Quint.
1585 2871 1629 2910 V,
1647 2870 1701 2910 ll,
1717 2871 1776 2905 24.

276 2931 472 2975 exemplum
502 2930 678 2965 Demosth.
703 2930 784 2963 vide
809 2929 905 2969 XIX,
931 2928 1018 2963 314:
1046 2929 1220 2962 Ciceronis
1245 2928 1353 2962 multa
1376 2934 1473 2969 sunt,
1499 2933 1536 2961 ut
1561 2929 1659 2962 Verr.
1680 2929 1724 2968 11,
1742 2931 1777 2969 2,
