1907 3166
233 147 318 188 240
880 147 909 182 Ν
926 146 1037 182 OTA
1050 147 1090 182 E.

235 262 513 302 perspectum
542 264 630 289 rect«-
658 267 700 288 ex
728 256 932 299 corruptelis
956 255 1120 288 librorum
1148 256 1271 288 elicere
1298 256 1381 288 milii
1404 257 1560 297 videbar,
1583 257 1628 290 cf.
1646 257 1740 298 34,2

230 312 324 348 ‘num
353 318 446 348 visus
472 317 513 347 sit
541 326 642 357 quoni
670 308 825 347 liu-iebus
862 314 963 357 volgo
994 314 1190 357 legebatur:
1227 315 1283 355 qui
1311 322 1361 347 est
1386 325 1509 358 passus
1536 321 1738 359 perspectus

232 383 262 406 ct
290 375 484 406 exauditus.
617 380 657 406 10.
690 373 975 416 perscribere
1009 373 1151 405 verbum
1186 374 1288 404 ctiam
1320 373 1454 406 duobus
1480 372 1565 406 locis
1592 373 1663 406 Ιῐιν.
1692 374 1736 414 11,

231 432 274 466 53
299 440 329 465 et
357 432 402 465 (58
436 434 590 465 ciceroni
620 433 834 470 restituatur,
865 431 933 463 illi·=
961 442 1003 464 cx
1029 432 1104 463 cod.
1133 432 1202 464 tit-12
1229 431 1283 463 hi‹·
1310 443 1351 464 ex
1378 432 1566 465 Victorino.
1691 437 1736 466 11.

231 493 351 525 eudem
383 493 551 525 sententia
586 492 672 524 redit
706 499 788 535 aput
820 492 980 533 lleruiog.
1018 500 1056 524 π.
1097 498 1200 524 στασ.
1229 490 1287 529 50,
1318 489 1371 523 19.
1407 490 1477 523 Cic.
1507 491 1580 524 Inv.
1616 490 1666 529 11,
1691 490 1737 523 45

232 553 288 583 uhi
325 552 399 594 lege
429 544 488 583 ‘ad
521 563 562 583 ea
596 562 683 592 quue
714 557 899 594 praccepta
930 556 1024 585 suut.
1060 549 1314 592 conparabunt,
1351 549 1452 582 modo
1478 566 1526 573 —·
1551 540 1737 582 conferant'

231 611 302 652 (vel
326 603 538 650 ‘adt‘ffl-aut’).
631 605 636 610 ⁵
664 614 706 641 13.
736 620 816 651 quo
839 609 938 640 anni
969 619 1016 640 sc.
1042 614 1216 650 tempore:
1244 608 1438 651 explicatur
1464 607 1610 642 lectione
1634 607 1735 641 codd.

231 670 300 710 μΙιι
320 663 402 711 ‘qim
427 675 520 712 parte
545 661 648 700 unni'.
700 668 745 702 cf,
775 668 844 700 sic.
877 668 948 699 luv.
978 668 1000 703 Ι,
1025 666 1089 700 3(.);
1120 661 1376 700 ‘consideratiu-
1401 672 1516 700 autem
1544 671 1680 710 tempus
1706 671 1739 698 et

231 731 310 761 :tnui
338 736 369 760 et
397 730 524 761 niensis
562 735 593 760 ct
629 728 696 759 ttici
721 734 751 759 ct
778 728 886 759 not-tis
914 734 943 759 et
972 723 1113 769 vigiliae
1146 735 1177 759 ct
1207 719 1321 760 liorae'
1356 732 1420 761 etc.
1473 725 1653 759 commode
1677 724 1737 757 ad-

234 788 405 820 hibebitur
438 787 491 818 liic
519 787 588 818 Cic.
622 797 655 829 p.
684 785 754 820 Mil.
791 784 836 818 53
869 778 997 817 ‘videte
1028 795 1114 817 uum·
1149 785 1242 816 illum
1277 785 1426 828 primum
1461 784 1694 827 egredientem
1719 793 1737 813 e

235 846 318 878 villa
356 846 487 879 subito:
540 846 622 876 rur?
681 845 834 887 vesperi:
877 844 958 884 quid
1000 854 1141 875 necess-r
1187 845 1260 875 est?
1320 843 1432 875 tarde:
1472 844 1529 884 qui
1565 841 1735 878 convenit,

233 906 434 949 praesertim
468 904 502 936 id
535 896 738 946 temporis-’c’
792 902 940 934 hiemem
974 902 1068 936 dit-it.
1123 902 1212 933 idem
1246 903 1461 945 significatur
1488 901 1632 934 adiectis
1655 893 1736 942 ‘qua

232 959 324 998 liora'
359 975 444 1006 quim
474 964 613 995 miuinu¹
651 963 786 995 tolerari
815 970 977 1004 possunt,
1021 972 1122 1002 quom
1148 962 1261 993 statim
1286 961 1419 1003 legatur
1447 953 1530 1002 ‘qua
1558 978 1600 984 —
1628 959 1736 992 noctis

233 1018 325 1059 liora'
360 1025 495 1055 notione
530 1023 722 1055 differente.
775 1021 820 1053 vs.
857 1021 965 1052 llulm.
1004 1020 1104 1051 Aual-
1136 1020 1226 1054 Tull.
1265 1020 1287 1056 Ι,
1313 1020 1346 1051 t).
1473 1025 1514 1052 14.
1543 1029 1628 1060 qua
1650 1018 1733 1052 die.

232 1087 265 1118 li.
293 1098 322 1117 e.
352 1094 417 1124 qun
444 1083 531 1114 dini.
561 1082 670 1113 fin-nui
700 1082 801 1121 vor-g.
832 1080 869 1111 (j.
903 1079 1018 1117 1,·208
1045 1079 1156 1110 obvia.

325 1142 382 1177 323.
416 1148 438 1173 1.
467 1141 668 1183 spatium,
699 1138 769 1172 Cir.
803 1139 872 1171 lnr.
905 1139 934 1170 l.
962 1138 1007 1170 39
1034 1130 1152 1180 'saepe
1177 1144 1311 1179 oportet
1337 1136 1526 1169 commetiri
1550 1145 1627 1168 cum
1653 1140 1736 1166 tem—

232 1214 313 1246 pori·
349 1201 522 1243 nogotium
554 1206 583 1229 vt
618 1198 747 1231 videre.
776 1197 968 1240 potueritne·
1001 1203 1056 1227 aut
1093 1195 1294 1238 magnitudo
1321 1195 1436 1238 negoti
1463 1200 1520 1227 aut
1553 1193 1735 1226 multitudo

232 1273 343 1294 rerum
380 1261 412 1291 in
447 1269 486 1289 co
522 1258 662 1299 transigi
703 1248 879 1298 tempore-,⁵
931 1256 1098 1298 spatium.
1127 1255 1191 1287 etsi
1218 1264 1283 1286 non
1312 1255 1345 1286 in
1370 1253 1592 1287 coniecturali
1617 1262 1734 1294 causa,

231 1319 467 1351 considet-auu·
495 1319 526 1349 iu
553 1327 601 1347 or.
631 1326 665 1359 p.
696 1316 808 1353 Quint.
836 1314 889 1346 79.
994 1322 1022 1346 5.
1047 1314 1089 1346 de
1112 1315 1292 1346 oct-asione
1316 1313 1418 1352 idem,
1440 1313 1465 1351 1,
1481 1312 1544 1345 40:
1563 1306 1630 1345 ‘est
1654 1321 1736 1354 pars

232 1379 396 1421 temporis
424 1377 553 1409 liabens
585 1377 617 1407 iu
651 1387 688 1406 sc
716 1374 862 1406 alicuius
897 1374 942 1405 rei
972 1373 1128 1406 idoneam
1157 1372 1306 1405 faciendi
1331 1378 1474 1405 autnon
1498 1370 1647 1404 faciendi
1673 1380 1735 1413 op-

233 1431 499 1481 poi·tuuitatcin.‘
547 1435 760 1477 significatur
788 1443 827 1464 ea
854 1444 888 1475 p.
918 1432 1009 1463 Tull.
1044 1431 1089 1465 34
1125 1425 1276 1475 ‘tempus
1307 1431 1351 1464 ad
1374 1430 1609 1464 insidiandum
1633 1434 1735 1471 atque

230 1496 411 1529 celandum
441 1485 627 1527 idoneum?
749 1499 777 1526 7.
805 1497 908 1534 spes
936 1491 1213 1534 perficiendi
1238 1491 1388 1523 breviter
1413 1501 1433 1523 a
1453 1490 1522 1522 t'ic.
1548 1490 1619 1522 Inv.
1642 1489 1668 1528 l,
1689 1488 1730 1521 41

231 1556 419 1589 absolvitur
448 1548 643 1586 ‘facultates
676 1558 753 1583 sunt
788 1556 844 1582 aut
881 1550 1004 1591 quibus
1037 1550 1174 1582 facilius
1206 1550 1242 1581 fit
1269 1556 1326 1582 aut
1350 1550 1424 1582 sine
1451 1548 1576 1590 quibus
1602 1546 1734 1588 aliquid

230 1617 349 1647 omitit-i
377 1624 442 1647 non
482 1603 616 1655 potest.’
667 1628 714 1633 —
755 1603 763 1616 ‘
780 1609 889 1641 llaec
930 1601 1031 1650 qua'
1071 1610 1277 1652 optimorum
1304 1608 1405 1642 codd.
1435 1607 1534 1640 lectio
1561 1605 1734 1640 nonnullis

234 1676 306 1706 VV.
337 1673 409 1706 Di).
462 1672 506 1703 nd
532 1671 735 1712 scripturam
758 1660 890 1709 ‘ecqua'
919 1668 1044 1699 ducere
1071 1667 1262 1706 videbatur,
1288 1676 1350 1699 nos
1371 1658 1480 1699 ‘haec'
1506 1671 1603 1698 vetus
1631 1666 1734 1697 inter-

231 1738 482 1777 pretamentum
516 1729 695 1761 habemus.
732 1727 903 1758 adiectum
953 1736 994 1757 ne
1029 1725 1187 1758 absolute
1217 1726 1387 1769 legeretur
1409 1715 1651 1768 ‘perficiendis
1701 1727 1734 1755 at

234 1792 347 1824 statim
384 1790 478 1821 deest
513 1787 568 1819 hi(-
594 1786 812 1818 accusativus
845 1785 876 1816 in
906 1777 1001 1827 ‘spes
1029 1784 1161 1816 celandi
1190 1794 1277 1825 quae
1307 1777 1422 1816 fuerit'
1446 1782 1652 1816 omittendus
1678 1782 1732 1814 vel

236 1849 475 1883 concinnitatis
502 1856 604 1878 causa
630 1844 745 1888 priore
769 1853 903 1885 quoque
930 1842 1017 1875 loco.
1115 1849 1157 1875 12.
1189 1844 1420 1885 quaeritur
1443 1853 1493 1876 ex
1520 1841 1731 1875 consciis.

231 1905 415 1953 propterea
442 1907 511 1939 Cic.
543 1916 577 1948 p.
611 1903 704 1938 Cael.
733 1904 776 1937 57
817 1904 1003 1945 interrogat
1030 1895 1100 1933 ‘cui
1130 1902 1278 1944 denique
1310 1901 1493 1935 conmisit?
1543 1910 1611 1942 quo
1636 1899 1734 1932 adiu-

232 1977 303 2002 tore
334 1977 417 1999 usus
455 1966 528 1997 est?
579 1973 644 2005 quo
678 1963 797 1994 socio?
849 1972 914 2002 quo
949 1961 1116 1993 conscio?
1165 1962 1218 1993 cui
1253 1966 1382 1994 tantum
1414 1960 1571 2000 facinus,
1607 1959 1662 1991 cui
1683 1968 1732 1997 se,

231 2029 284 2059 cui
309 2026 454 2059 salutem
481 2034 579 2056 suam
604 2021 773 2054 credidit?
872 2027 913 2053 13.
941 2027 1011 2052 aut
1042 2020 1247 2061 utrisque
1277 2026 1356 2063 post
1374 2013 1508 2052 ‘liberis
1531 2023 1589 2051 aut
1613 2013 1734 2050 servis’

232 2097 298 2119 non
320 2093 371 2119 est
398 2087 431 2117 in
453 2083 507 2126 μὶ,
532 2088 640 2119 recte,
678 2081 814 2113 videtur
842 2080 931 2112 enim
959 2079 1045 2111 nihil
1071 2079 1115 2111 ad
1137 2089 1208 2111 rem
1236 2078 1412 2118 conferre,
1442 2083 1556 2110 utrum
1581 2076 1734 2109 alterutri

233 2146 459 2178 adhibeantur
481 2153 523 2174 an
545 2142 690 2182 utrique.
818 2146 862 2174 15.
901 2144 1196 2181 argumentum
1230 2143 1297 2170 est
1322 2147 1401 2181 per
1426 2136 1540 2179 quod
1565 2145 1632 2168 res
1663 2143 1734 2166 co-

233 2205 440 2248 arguitur
467 2199 741 2233 certioribus
772 2197 1062 2241 argumentis.
1115 2205 1180 2228 non
1204 2202 1331 2228 temere
1357 2195 1535 2238 displicuit
1561 2193 1733 2227 Gronovio

233 2263 376 2294 Ernesto
404 2258 567 2291 Schiitzio
593 2248 829 2299 ‘argumentis'
860 2254 1036 2287 definitum
1062 2252 1268 2285 vocabulum
1294 2253 1328 2284 in
1351 2252 1427 2294 ipsa
1450 2250 1647 2284 definitione
1671 2259 1731 2293 po-

232 2322 354 2353 situm,
391 2317 482 2359 quod
514 2322 627 2347 autem
654 2306 826 2346 ‘inventis'
859 2319 916 2346 aut
945 2305 1108 2345 ‘indiciis’
1136 2316 1408 2355 proposuerunt,
1438 2309 1573 2342 mireris
1595 2308 1674 2341 illos
1699 2309 1731 2340 in

234 2378 454 2409 mutationem
479 2374 584 2407 multo
614 2373 805 2406 faciliorem
829 2378 860 2405 et
883 2382 926 2404 ex
953 2373 1029 2415 ipsa
1059 2371 1238 2416 scriptoris
1261 2368 1508 2403 consuetudine
1531 2366 1733 2400 confirman-

235 2437 312 2468 dam
333 2445 407 2467 ,non
440 2434 620 2466 incidisse:
655 2432 879 2469 adiumentis,
916 2430 960 2464 cf.
990 2431 1022 2471 Ι,
1050 2431 1083 2469 7,
1120 2429 1164 2462 18
1193 2428 1245 2471 (7,
1274 2429 1336 2467 15;
1372 2426 1427 2468 16,
1464 2425 1534 2468 13).
1585 2436 1630 2459 ex
1651 2435 1734 2458 vera

236 2494 381 2526 lectione
413 2492 559 2525 fortasse
588 2491 714 2523 lemma
746 2496 863 2522 natum
899 2495 951 2522 est
983 2488 1089 2532 paulo
1112 2488 1202 2521 infra
1226 2487 1451 2520 alienissumo
1477 2485 1552 2518 loco
1578 2489 1658 2528 post
1676 2477 1735 2516 ‘de

234 2544 460 2584 adiutoribus'
488 2549 562 2592 (34,
591 2549 628 2585 1)
662 2550 822 2581 iniectum
850 2542 907 2581 ‘de
931 2540 1147 2580 adiumentis'
1183 2548 1238 2578 cui
1265 2544 1484 2578 defendendo
1506 2543 1633 2577 frustra
1657 2553 1734 2576 cum
1776 2546 1781 2549 “

234 2610 397 2643 Schiitzio
427 2608 612 2640 admoveas
640 2607 712 2639 Cic.
741 2607 812 2638 Inv.
841 2607 890 2645 ll,
917 2607 964 2638 ⁴24
995 2599 1040 2638 ‘si
1069 2607 1155 2637 ratio
1181 2605 1354 2637 adiutores
1377 2603 1576 2637 adiumenta
1602 2619 1650 2625 —
1674 2600 1735 2634 de—

234 2669 344 2701 fuisse
370 2667 475 2699 alicui
503 2657 835 2698 demonstrabuntur'
871 2669 929 2696 aut
952 2665 1003 2702 ΙΙ,
1031 2665 1079 2695 44
1109 2657 1154 2695 ‘si
1189 2663 1386 2695 adiumento⁴
1417 2663 1447 2694 si
1472 2660 1646 2694 adiutores
1673 2659 1733 2692 de-

234 2719 325 2760 sint.'
376 2725 574 2758 adiumenta
599 2728 712 2755 autem
737 2732 800 2764 pro
818 2722 1029 2765 argumentis
1053 2726 1190 2763 sumpta
1214 2721 1409 2753 invenimus
1435 2719 1538 2752 etiam
1562 2723 1646 2762 aput
1661 2717 1732 2751 Cic.

234 2786 277 2818 de
305 2796 353 2819 or.
389 2785 430 2824 ΙΙ,
462 2781 531 2816 303
553 2774 830 2814 ‘mediocriterne
855 2781 968 2813 causis
1001 2785 1140 2818 nocent,
1164 2789 1267 2821 quom
1292 2783 1349 2810 aut
1373 2777 1652 2811 advorsariorum
1673 2776 1735 2809 ad—

233 2847 386 2877 iumenta
411 2841 609 2875 confirmant
635 2845 692 2873 aut
713 2849 768 2886 ea,
797 2849 884 2880 quae
907 2849 1027 2871 sanare
1050 2842 1232 2879 nequeunt,
1259 2830 1500 2869 exulcerant?’
1533 2835 1579 2868 ad
1599 2839 1736 2868 senteu-

232 2904 316 2936 tiam
346 2901 429 2935 facit
453 2900 649 2933 Victorinus
671 2898 731 2932 95.
759 2899 814 2930 ed.
849 2897 904 2930 Or.
927 2891 1083 2941 ‘signum
1115 2905 1182 2929 non
1215 2897 1300 2928 satis
1329 2895 1374 2928 ad
1403 2894 1507 2928 fidem
1541 2893 1651 2934 valet,
1683 2897 1736 2926 set
