1907 3166
197 640 234 671 l;'›

258 171 342 214 ‘274
906 172 1115 209 NOTAE.

260 287 359 317 ‹tm-v:
388 285 506 316 nititur
531 284 715 324 nequitate,
743 294 761 314 e
786 293 851 324 qua
877 283 1060 315 scribenda
1088 283 1144 315 lex
1170 282 1289 321 suerit,
1317 289 1369 316 set
1391 294 1479 326 quae
1509 283 1766 328 conplectcrer!—

261 353 311 375 tut·
338 344 386 375 illi
421 343 560 374 iudiciis
593 343 784 385 corruptis,
819 352 859 374 ca
892 343 996 374 verbo
1030 353 1096 374 uno
1135 343 1442 386 praevaricationis
1473 342 1766 386 conprehendisse

259 396 364 437 «licis.
464 408 508 436 tt.
537 401 716 433 omninode
742 401 827 433 hacc.
855 401 1068 434 illustrantur
1091 412 1110 433 a
1137 403 1206 434 Cic.
1235 402 1278 434 dc
1304 412 1354 437 or,
1383 402 1422 441 lt,
1448 401 1534 438 34⁴2.
1561 420 1609 427 ·—
1645 408 1690 435 12.
1717 401 1763 437 cf.

261 463 363 496 horr,
393 460 451 498 ΙΧ,
479 461 536 495 56,
563 460 715 498 61-64,
736 459 794 494 68.
1650 474 1669 494 x

352 521 457 555 υἷι-ι,
487 530 609 562 (μη-πῃ
634 520 684 552 ad
717 519 882 551 modum
919 518 1122 551 babuerit
1157 520 1195 550 in
1223 519 1527 563 potestatibus
1553 518 1765 563 gerundis

261 581 463 611 animum:
491 578 555 610 hoc
581 579 684 613 Isocr,
717 577 781 618 tx,
807 578 965 610 42—46
995 578 1037 609 dc
1065 578 1223 620 Euagora
1255 578 1366 612 docet.
1393 596 1439 601 —
1486 584 1516 613 4.
1544 577 1666 611 eadem
1694 577 1765 610 iere

263 639 416 670 invenias
442 643 523 680 aput
549 636 620 671 Cic.
650 637 741 669 Part.
767 638 825 670 82.
863 654 910 659 —
958 645 986 671 o.
1015 636 1084 669 Cic.
1121 637 1163 668 tle
1191 647 1239 669 or.
1268 637 1312 673 ll.
1347 635 1417 670 348
1442 640 1628 680 propterea
1651 641 1768 669 monet

263 686 388 728 oratori
417 698 578 728 virtutum
605 696 858 738 coguitionem.
893 697 967 727 sinc
995 706 1061 737 qua
1089 696 1240 727 luudntio
1273 695 1364 728 effici
1391 705 1456 728 non
1484 696 1614 739 possit,
1648 704 1767 727 neces·

261 757 386 788 sariunt
415 766 504 789 csse.
594 762 620 788 7.
647 755 767 786 aliud
797 755 909 786 iusto
936 760 1000 788 vic.
1028 754 1156 786 adhibe
1185 755 1285 789 isocr.
1316 754 1376 793 lx,
1403 754 1468 798 23,
1496 754 1556 787 ubi
1581 754 1697 787 virtuti
1719 758 1768 784 te-

264 816 409 847 nvi-ioris
430 816 572 851 aetatis,
593 807 826 856 σωφροσύνῃ
845 815 1035 845 arcos-sissi—
1057 814 1216 845 dicuntur
1237 816 1268 845 in
1293 814 1452 857 Euagora
1471 812 1590 846 adulto
1608 807 1770 854 ἀνδρεία

263 871 326 905 καὶ
356 871 474 914 σοφία
501 870 565 904 καὶ
592 867 842 914 δικαιοσύνη,
871 872 941 906 Cic.
971 884 1004 915 p.
1035 872 1101 914 leg.
1127 872 1217 906 Man.
1238 873 1402 915 Pompeio
1428 873 1478 905 sic.
1504 872 1624 904 tribuit
1649 881 1768 904 ornnes

262 935 420 965 virtutes:
452 933 631 963 scientiam
657 931 840 963 mitum-cm
867 934 888 973 §
914 932 971 971 28,
997 931 1231 963 fortitudinem
1258 931 1303 967 (s.
1333 931 1510 970 virtutem)
1537 929 1689 970 29-35,
1717 931 1768 962 in-

261 993 452 1023 nocentium
478 990 637 1028 :343—39,
672 991 934 1034 temperantiam
969 992 1032 1025 402
1068 998 1154 1033 tres,
1188 1000 1251 1022 nou
1287 995 1554 1023 commemorata
1586 989 1768 1034 prudentia

263 1051 422 1083 Murenae
447 1052 468 1092 §
495 1050 559 1088 3&
586 1051 756 1081 contraria
782 1051 846 1081 triu
873 1050 956 1081 vitiu
975 1050 1089 1082 l'isoni
1115 1050 1157 1082 dc
1184 1060 1234 1092 pr.
1261 1059 1354 1082 cons.
1383 1050 1488 1087 4—6,
1513 1053 1692 1093 praeterea
1716 1049 1768 1080 in·

261 1109 457 1140 felicitatem
484 1109 628 1151 (quippo
655 1118 697 1139 ex
725 1109 906 1140 inscientia
931 1113 1054 1144 ortam)
1081 1108 1192 1139 cidem
1217 1115 1248 1139 ct
1275 1108 1420 1140 Gabinio
1444 1107 1479 1146 8,
1505 1106 1541 1142 9.

355 1169 413 1206 titt,
439 1171 466 1198 3.
496 1167 823 1198 enumeratione:
850 1167 898 1198 ad
928 1167 1088 1198 exitum
1115 1176 1272 1199 causae
1299 1166 1488 1199 deteriores
1515 1170 1643 1198 tantum
1664 1163 1766 1196 codd.

263 1228 405 1260 liabent.
441 1237 500 1257 nec
535 1235 623 1268 opus
651 1225 709 1256 tuli
738 1225 989 1263 ntltlitzuneuto,
1025 1225 1115 1266 quod
1148 1235 1214 1257 nou
1249 1225 1316 1258 nisi
1352 1226 1596 1269 interpretatur
1629 1223 1767 1255 conclu-

262 1288 414 1320 sionn-m:
456 1297 516 1328 pro
544 1296 584 1316 co
610 1292 742 1321 :unt-m.
771 1285 862 1326 quod
889 1286 921 1316 in
951 1286 1102 1328 optumis
1137 1289 1335 1328 corruptum
1361 1284 1488 1328 legitur
1506 1277 1629 1317 ‘nostri
1653 1274 1768 1315 causa’

262 1352 318 1377 :tut
340 1339 491 1377 'nostrat-
519 1336 632 1375 rausu'
661 1350 795 1376 vctcrcs
817 1345 925 1376 critici
952 1353 994 1375 cx
1021 1354 1165 1385 quorum
1184 1344 1384 1376 recensione
1401 1342 1503 1378 codd.
1524 1341 1638 1384 erco¹b
1660 1341 1768 1374 fluxe-

263 1413 356 1438 runt.
393 1404 577 1436 unuh-rum
606 1397 654 1434 'iu
685 1404 760 1446 ipsa
795 1396 908 1435 causa’
946 1403 1044 1444 qnasi
1072 1413 1092 1434 a
1123 1412 1227 1435 causa
1261 1403 1372 1446 possit
1396 1402 1553 1446 separari
1578 1400 1768 1438 conclusio,

262 1475 362 1504 quam
391 1462 444 1494 liic
473 1462 610 1504 quittmn
639 1463 787 1505 scriptor
813 1462 846 1493 in
873 1472 979 1493 causa
1012 1462 1127 1494 inesse
1153 1462 1358 1501 existumat,
1390 1459 1436 1495 cf.
1465 1461 1548 1501 llll,
1579 1459 1625 1493 58
1650 1464 1683 1491 et
1707 1459 1768 1499 ΙΙΙ,

263 1524 306 1554 22
333 1520 433 1559 (103.
459 1521 500 1561 ὅ)
521 1514 713 1553 ‘contiiwus
740 1531 808 1552 vox
833 1538 880 1543 --
906 1521 1058 1553 animum
1086 1520 1400 1553 vehementissume
1423 1518 1583 1552 calefacit
1601 1517 1770 1551 auditoris

264 1582 294 1611 iu
333 1582 435 1611 totius
467 1580 688 1611 conclusione
721 1575 867 1611 causae’.
925 1581 1039 1621 itaque
1072 1579 1137 1612 lioc
1168 1589 1305 1621 quoque
1339 1579 1414 1612 loco
1448 1578 1619 1611 malumus
1651 1576 1768 1620 legere

264 1640 300 1670 iu
336 1646 422 1669 tota
456 1649 597 1672 causa.
659 1638 700 1669 de
734 1638 974 1670 communibus
1010 1638 1094 1670 locis
1134 1639 1267 1680 passim
1303 1638 1337 1669 in
1372 1637 1526 1670 oratione
1557 1635 1768 1679 usurpandis

264 1697 342 1728 vith-
368 1703 435 1728 not.
463 1697 506 1728 ad
537 1698 578 1729 ΙΙ.
605 1696 628 1728 9
654 1697 756 1728 etiam
779 1697 892 1735 Quint.
922 1697 1004 1735 vlt,
1035 1695 1096 1733 10,
1123 1696 1164 1728 11
1194 1701 1374 1739 negantem
1406 1705 1511 1738 posse
1543 1687 1626 1727 ‘nisi
1662 1695 1695 1726 iu
1733 1704 1769 1726 re

264 1756 435 1798 praesenti
461 1755 621 1787 constitui
650 1771 692 1777 ——
721 1755 923 1786 reservandi
952 1755 1163 1798 perorationi
1196 1765 1238 1786 an
1274 1765 1337 1798 per
1365 1760 1471 1786 totam
1503 1754 1671 1787 actionem
1702 1752 1770 1785 ‹tis-

263 1813 431 1845 t'umlcndi
463 1805 628 1844 affectus’.
758 1817 786 1844 7.
822 1814 861 1844 in
895 1814 995 1845 vita.
1054 1819 1292 1856 opponuntur,
1325 1822 1412 1854 quae
1445 1811 1505 1852 lV,
1532 1811 1578 1845 32
1610 1811 1771 1844 dicuntur

259 1865 317 1903 ‘ad
338 1871 598 1904 tl‹·lcctationmn
623 1881 724 1912 quum
749 1871 793 1902 ad
817 1873 995 1904 veritatem
1021 1863 1354 1904 accommodatiora’.
1404 1877 1432 1903 8.
1459 1870 1771 1914 neglegentius

264 1931 642 1963 commendandum
668 1930 702 1965 h.
731 1941 761 1964 e.
791 1930 833 1961 ab
860 1931 947 1973 ipsis
973 1931 1170 1973 magistris,
1197 1931 1257 1972 qui
1281 1930 1436 1972 alioquin
1453 1934 1670 1963 contemnere
1689 1939 1771 1974 pos-

263 1991 330 2021 sint
355 2000 465 2032 genus
492 1990 678 2032 separatim
703 1989 815 2021 rarius
839 1995 1056 2032 usurpatum.
1114 1989 1374 2022 commendatur
1395 1995 1508 2022 autem
1534 1999 1554 2021 a
1578 1988 1718 2022 Theone
1744 1989 1770 2028 1,

267 2049 327 2082 151
358 2060 409 2090 sq.
438 2054 470 2080 et
498 2049 574 2091 ipso
603 2046 764 2081 Cicerone.
790 2047 832 2079 d(-
859 2057 908 2083 or.
938 2049 978 2083 ΙΙ,
1005 2047 1086 2087 349,
1115 2049 1175 2090 ΙΙΙ,
1202 2048 1280 2082 105.
1311 2049 1400 2081 Part.
1417 2047 1474 2082 69.
1502 2048 1561 2091 qui
1582 2041 1770 2081 ‘commen—

264 2100 412 2139 tandum'
446 2107 638 2139 maluerunt
671 2106 804 2149 legere.
844 2116 909 2138 non
951 2111 1198 2150 reputaverunt
1235 2107 1443 2140 sententiam
1475 2107 1672 2150 scriptoris,
1707 2116 1771 2139 nec

263 2168 437 2198 notionem
464 2167 571 2200 verbi.
630 2166 818 2199 orationem
846 2167 936 2198 cuim
970 2167 1192 2198 commentari
1228 2176 1435 2209 possumus,
1465 2175 1534 2200 non
1558 2174 1669 2209 genus
1694 2174 1771 2198 ora-

264 2226 385 2263 tionis;
417 2225 501 2266 quid
531 2231 647 2257 autem
678 2225 761 2257 velit
794 2224 947 2264 Cornifi,
988 2226 1104 2258 statim
1138 2224 1331 2268 significat,
1370 2233 1474 2267 quom
1505 2223 1622 2258 verbis
1643 2216 1771 2265 ‘neque

267 2286 357 2317 enim
383 2303 428 2307 —
454 2276 729 2327 vituperationis'
757 2285 831 2328 ipse
857 2284 1011 2317 studiose
1037 2283 1256 2316 commendat
1279 2293 1389 2327 genus
1415 2283 1735 2318 demonstrativum.

268 2350 310 2377 tt.
340 2344 380 2375 in
407 2343 698 2375 iudicialibus
719 2343 820 2375 etin
843 2343 1156 2375 deliberativis
1176 2343 1337 2378 causis.
1366 2343 1418 2376 sic
1436 2343 1627 2376 Isocrateae
1645 2342 1772 2375 oratio-

266 2403 319 2434 nis
339 2402 381 2433 de
398 2402 490 2444 bigis
510 2400 630 2443 (XVI)
649 2412 736 2443 quae
755 2408 957 2445 supersunt,
979 2411 1089 2445 paene
1109 2402 1224 2434 omnia
1241 2401 1430 2434 laudationi
1451 2400 1645 2434 Alcibiadis
1663 2400 1772 2433 inser-

266 2462 380 2495 viunt:
409 2460 515 2492 multa
534 2462 746 2503 panegyrica
763 2461 867 2493 habet
886 2461 1070 2504 Leptinea‚
1096 2460 1193 2493 Dem.
1209 2459 1288 2499 XX,
1304 2459 1350 2493 30
1366 2470 1443 2501 sqq.
1463 2460 1509 2493 45
1521 2469 1598 2502 sqq.
1620 2459 1666 2493 75
1679 2468 1770 2501 sqq„

267 2519 530 2561 vituperationis
546 2526 661 2560 partes
677 2519 758 2551 vide
773 2530 830 2563 ap.
847 2519 994 2552 eundem
1008 2519 1135 2558 xxm,
1148 2519 1226 2553 144.
1255 2518 1432 2552 Ciceronis
1446 2517 1491 2550 cf.
1505 2517 1549 2551 de
1564 2527 1663 2562 prov,
1674 2527 1770 2550 cons.

268 2573 421 2615 32-34,
446 2584 481 2616 p.
510 2574 607 2606 Balb.
635 2574 669 2613 9,
696 2574 756 2614 13;
780 2587 830 2610 or.
855 2587 890 2618 p.
919 2576 1006 2610 Mur.
1030 2585 1141 2618 paene
1165 2581 1235 2608 tota
1260 2579 1415 2608 versatur
1446 2574 1482 2607 in
1508 2574 1680 2608 laudando
1706 2574 1773 2608 hoc

270 2643 328 2665 reo
363 2632 673 2674 comparandisque
706 2643 782 2664 cum
815 2644 855 2666 eo
888 2634 1159 2666 accusatoribus.
1219 2633 1428 2666 contrarium
1461 2637 1531 2672 est,
1566 2642 1669 2674 quom
1690 2643 1772 2677 pars

271 2690 446 2724 iudicialis
474 2691 612 2733 generis
635 2691 668 2721 in
697 2691 965 2723 demonstrativa
991 2692 1144 2724 oratione
1169 2695 1343 2729 versatur,
1378 2689 1490 2731 qualis
1515 2700 1558 2723 ea
1581 2695 1652 2731 est,
1683 2701 1772 2734 quae

271 2750 314 2782 de
339 2749 492 2792 praemio
516 2748 673 2784 habetur.
703 2749 745 2781 de
778 2760 818 2781 ea
843 2749 992 2790 loquitur
1017 2748 1086 2783 Cic.
1116 2750 1188 2780 Inv.
1216 2749 1265 2788 11,
1292 2748 1358 2782 110
1382 2741 1571 2782 ‘neminem
1591 2751 1773 2783 conveniet

269 2808 448 2847 arbitrari,
476 2817 558 2847 nos,
586 2817 687 2848 quom
713 2807 854 2849 aliquod
880 2807 1077 2849 exemplum
1103 2816 1292 2849 ponamuS‚
1319 2807 1413 2849 quod
1436 2808 1471 2839 in
1490 2812 1611 2841 senatu
1628 2813 1770 2852 agatur,

271 2867 313 2898 ab
340 2865 495 2898 iudiciali
520 2875 646 2908 genere
672 2865 909 2908 exemplorum
937 2865 1116 2897 recedere:
1151 2865 1315 2906 quicquid
1340 2865 1431 2898 enim
1455 2865 1500 2898 de
1528 2865 1669 2900 homine
1690 2876 1771 2910 pro-

272 2924 384 2956 bando
413 2930 471 2956 aut
496 2924 710 2966 inprobando
734 2924 878 2965 dicitur,
905 2932 1008 2965 quom
1031 2924 1077 2956 ad
1101 2933 1178 2955 eam
1204 2923 1389 2956 dictionem
1414 2924 1662 2958 sententiarum
1685 2933 1772 2966 quo-
