1907 3166
231 175 315 217 234
795 147 800 151 ¹
876 182 1081 218 NOTAE.

231 292 303 321 sine²
330 291 457 321 ratione
482 296 577 329 sunt,
606 301 645 322 ea
670 290 903 322 defensionem
931 295 1045 322 contra
1073 292 1197 324 crimen
1226 293 1256 323 in
1293 292 1628 335 legitumis‘iudieiis
1653 304 1719 327 non

232 347 375 380 natu-nt,
413 347 443 376 in
481 346 597 378 liberis
632 347 938 389 disceptationibus
975 347 1101 379 habere
1137 349 1290 390 possunt’
1328 358 1431 381 causa
1463 350 1646 392 exponitur
1678 351 1720 382 ab

231 405 389 434 Anaxim.
419 404 473 441 78,
504 404 554 436 10.
607 410 674 435 aut
707 404 754 435 ad
787 405 1088 447 inperatorem
1125 412 1162 438 et
1188 406 1229 437 ab
1255 406 1331 448 ipso
1357 407 1524 449 scriptore
1551 417 1616 439 non
1642 418 1721 450 pro-

231 464 353 494 l'cctum
378 469 425 493 set
453 463 694 505 imperatorum
726 462 861 494 dcnium
898 469 1006 494 aetate
1037 463 1240 495 inculcatum
1258 474 1333 496 esse
1361 465 1393 495 in
1418 464 1528 497 Praef.
1556 465 1721 508 suspicati

227 531 344 551 sumus
370 520 523 552 adhibito
554 521 666 558 Quint.
692 521 764 559 Vll,
782 522 814 558 4,
839 520 877 552 18
908 514 957 552 'in
983 527 1102 552 senatu
1130 531 1208 553 vero
1236 527 1267 553 et
1294 527 1375 564 aput
1402 522 1568 564 populum
1588 528 1620 554 et
1638 529 1721 566 aput

228 579 417 621 principem
445 597 491 601 ——
519 578 619 610 habet
648 578 755 609 lorum
784 579 1002 621 deprecatio!
1053 580 1269 622 imperatoris
1298 580 1423 612 mentio
1449 590 1515 612 non
1549 581 1720 613 invenitur

228 637 296 668 Cic.
326 638 394 667 lnv.
425 637 465 671 lt.
497 636 572 673 105,
602 646 709 676 neque
736 635 823 667 infra
852 637 892 673 ll,
920 637 975 669 26.
1004 654 1049 660 —
1098 644 1124 668 5.
1161 648 1210 669 cx
1242 637 1546 669 translatione
1579 638 1720 670 erimi—

229 697 303 726 nis.
356 695 425 727 Cic.
455 696 526 726 Inv.
553 695 577 732 l,
608 694 666 727 15:
695 687 830 725 ‘relatio
857 695 1009 725 criminis
1043 701 1110 733 cst,
1144 705 1244 736 quom
1276 696 1354 728 ideo
1382 696 1454 727 iure
1480 695 1607 728 factum
1634 696 1720 729 dici-

227 760 295 786 tur.
324 753 415 793 quod
442 753 566 794 aliquis
593 759 669 784 ante
697 753 820 784 iniuria
853 752 1050 784 lucessierit’
1084 752 1146 790 Qu.
1183 753 1265 791 VII,
1299 753 1332 791 4,
1359 752 1392 785 8.
1427 748 1476 785 ‘in
1503 763 1568 795 quo
1593 764 1720 797 genere

226 818 351 854 (const.
388 812 488 843 iurid.
522 810 714 853 adsumpt.)
740 810 974 842 fortissumum
1010 816 1078 849 cst,
1105 811 1133 842 si
1165 811 1291 842 crimen
1327 821 1431 842 causa
1464 810 1544 843 sacti
1571 816 1716 851 tuemur,

226 869 336 911 qualis
364 874 414 900 est
437 868 592 901 defensio
620 868 747 900 Orestis
773 868 899 900 Horatii
928 869 1075 900 Milonis.
1116 861 1351 909 ἇντέγκλημα
1373 868 1514 907 dicitur,
1542 870 1622 909 quia
1646 879 1717 901 om-

228 928 278 959 nis
306 932 418 959 nostra
443 927 599 959 defensio
627 932 755 958 constat
783 927 854 958 eius
874 927 1107 965 accusatione,
1136 927 1193 967 qui
1219 927 1435 958 vindicatur!
1486 926 1530 958 cf.
1555 926 1715 970 Hermog.

226 994 264 1017 π.
295 993 397 1016 στασ.
429 984 481 1023 13,
510 985 542 1017 3.
570 1003 618 1008 —
664 995 690 1016 3.
719 995 766 1016 ex
796 984 1033 1015 remotione
1066 984 1275 1016 criminis.
1327 984 1498 1016 diversam
1525 984 1716 1017 distinctio-

227 1053 300 1074 nem
328 1043 524 1074 remotionis
547 1043 647 1073 tradit
678 1043 747 1074 Cic.
784 1043 854 1073 Inv.
891 1042 920 1079 1,
950 1042 1011 1073 15:
1051 1035 1149 1073 ‘rem.
1184 1051 1231 1075 cr.
1267 1047 1335 1080 est,
1369 1051 1471 1083 quom
1508 1042 1542 1074 id
1573 1043 1714 1083 crimen,

225 1101 315 1141 quod
341 1100 502 1139 infertur,
536 1101 576 1132 ab
604 1111 640 1131 se
666 1105 697 1131 ct
722 1100 763 1130 ab
790 1110 851 1131 sua
878 1100 978 1141 culpa
1005 1100 1037 1131 vi
1064 1105 1095 1132 ct
1120 1104 1287 1142 potestate
1312 1100 1344 1130 in
1372 1099 1477 1132 alium
1503 1110 1581 1133 reus
1604 1111 1714 1134 remo-

224 1169 302 1189 vere
329 1165 478 1190 conatur.
516 1158 549 1189 id
570 1157 752 1200 dupliciter
779 1158 849 1189 lieri
876 1158 1019 1199 poterit,
1047 1158 1075 1189 si
1101 1162 1158 1189 ant
1185 1168 1288 1190 causa
1314 1164 1370 1189 aut
1396 1158 1523 1198 factum
1548 1159 1583 1190 in
1609 1158 1713 1191 alium

225 1216 462 1248 transferetur:
492 1226 595 1247 (unsa
621 1215 838 1253 transfertur,
867 1226 968 1257 quom
995 1216 1107 1248 aliena
1129 1216 1252 1248 dicitur
1270 1217 1304 1248 vi
1329 1222 1361 1249 et
1383 1204 1549 1259 potestate
1569 1215 1713 1255 faotum;

225 1275 350 1306 sactum
391 1279 522 1311 autem,
568 1284 668 1314 quom
708 1274 796 1306 alius
835 1281 889 1306 aut
928 1275 1089 1306 debuisse
1126 1280 1183 1306 ant
1221 1275 1373 1317 potuisse
1412 1274 1526 1307 facere
1563 1275 1712 1308 dieitur.'

225 1332 337 1370 Quint.
368 1342 442 1363 cum
478 1332 605 1363 Cornif.
642 1333 826 1370 consentit,
862 1333 944 1371 Vll,
972 1333 1013 1370 4,
1041 1332 1093 1366 13.
1142 1326 1326 1364 ‘interdum
1354 1333 1455 1375 culpa
1480 1334 1515 1365 in
1540 1333 1711 1366 hominem

224 1391 408 1433 relegatur,
436 1397 469 1421 ut
495 1391 523 1421 si
546 1390 717 1421 Gracchus
743 1401 819 1422 reus
844 1390 993 1423 foederis
1007 1390 1221 1429 Numantini,
1247 1391 1344 1423 cuius
1365 1396 1455 1423 metu
1482 1392 1576 1435 leges
1602 1402 1713 1435 popu-

223 1449 310 1479 lures
335 1449 454 1480 tulisse
476 1449 509 1480 in
536 1448 706 1480 tribunatu
733 1448 885 1488 videtur,
915 1451 1057 1481 missum
1089 1459 1127 1481 se
1152 1449 1193 1481 ab
1229 1450 1435 1491 imperatore
1467 1460 1529 1482 suo
1563 1450 1708 1482 diceret:

223 1507 356 1538 interim
383 1507 556 1539 derivatur
579 1508 611 1539 in
639 1517 728 1546 rem,
755 1512 790 1538 ut
815 1508 843 1539 si
872 1508 918 1546 is,
947 1508 1004 1548 qui
1029 1512 1227 1539 testamento
1255 1508 1337 1548 quid
1363 1508 1476 1539 iussus
1493 1517 1561 1540 non
1578 1507 1708 1547 fecerit,

219 1564 306 1596 dicat
334 1575 395 1607 per
421 1564 514 1607 leges
547 1566 582 1597 id
615 1565 686 1597 fieri
714 1575 779 1597 non
805 1567 971 1608 potuisse.
1006 1565 1069 1598 hoc
1096 1559 1323 1606 μετάστασιν
1357 1566 1497 1598 dicunt.’
1548 1566 1709 1608 exempla

220 1623 416 1654 remotionis
442 1623 662 1655 inveniuntur
686 1630 767 1666 aput
793 1624 931 1665 Lysiam
956 1624 1065 1663 XXII,
1092 1622 1114 1655 8
1138 1633 1190 1663 sq.
1223 1624 1331 1656 Cicer.
1359 1624 1393 1655 iu
1419 1624 1497 1655 Vat.
1535 1623 1593 1660 162
1620 1623 1707 1655 Plin.

221 1680 306 1722 Epp.
336 1680 400 1717 ΙΙΙ,
427 1679 460 1718 9,
491 1682 531 1713 12
565 1681 676 1712 minus
703 1681 768 1712 huc
796 1680 887 1712 facit.
916 1700 963 1705 —
999 1687 1042 1712 12.
1068 1681 1105 1714 P.
1131 1680 1386 1722 Sulpicium.
1416 1681 1605 1723 completur
1630 1680 1710 1713 hino

219 1738 342 1770 Vellei.
370 1740 517 1770 narratio
544 1740 593 1776 ΙΙ,
622 1738 675 1770 19.
728 1740 848 1770 iussu
882 1738 1127 1770 consulum:
1161 1738 1199 1776 Q.
1237 1739 1390 1781 Pompei,
1424 1738 1462 1769 L.
1500 1737 1628 1770 Sullae.

223 1802 263 1826 15.
292 1796 328 1826 si
356 1796 451 1836 quis
479 1807 528 1828 ex
555 1802 826 1828 testamentO.
879 1796 1073 1838 exemplum
1098 1796 1202 1838 plane
1227 1797 1384 1828 convenit
1415 1806 1491 1828 cum
1516 1798 1708 1830 narratione

220 1853 290 1885 Cic.
319 1854 360 1885 de
386 1854 458 1885 Fin.
488 1854 529 1890 11,
557 1854 612 1885 55.
634 1872 681 1877 —-
729 1859 773 1884 16.
799 1864 849 1885 ex
876 1854 1198 1896 conparatione.
1250 1852 1319 1885 Cic.
1355 1855 1427 1885 Inv.
1456 1855 1488 1893 l,
1523 1855 1584 1888 15:
1613 1850 1709 1888 ‘con-

220 1911 351 1953 paratio
380 1917 449 1949 est,
478 1922 579 1952 quom
607 1910 730 1954 [aliud]
758 1911 898 1952 aliquod
925 1910 1100 1953 [alieuius]
1128 1911 1254 1943 factum
1287 1917 1416 1944 rectum
1441 1918 1499 1944 aut
1521 1913 1605 1945 utile
1629 1923 1709 1946 eon-

219 1969 386 2006 tenditur,
425 1970 515 2009 quod
541 1976 576 2001 ut
607 1970 719 2007 fieret,
749 1970 835 2001 illud
869 1968 959 2009 qnod
992 1968 1164 2010 arguitur,
1201 1970 1325 2002 dieitur
1355 1981 1430 2003 esse
1460 1972 1706 2004 commissum!

218 2027 263 2058 ibi
290 2028 420 2060 inclusa
446 2039 466 2059 a
491 2028 663 2060 nonnullis
689 2028 789 2060 codd.
812 2033 901 2059 reete
917 2027 1062 2066 omissa,
1086 2033 1263 2070 praeterea
1281 2021 1383 2061 ‘esse’
1412 2035 1490 2071 post
1510 2023 1618 2062 ‘utile'
1647 2041 1707 2063 ex-

217 2085 341 2117 cidisse
369 2086 511 2118 videtur.
646 2093 688 2119 18.
718 2087 753 2119 C.
788 2086 1014 2128 Popillius.
1066 2086 1142 2118 Liv.
1172 2097 1226 2129 ep.
1254 2085 1312 2119 65.
1339 2080 1392 2119 ‘L.
1421 2087 1561 2120 Cassius
1588 2089 1705 2120 consul

216 2154 235 2174 a
257 2143 431 2185 Tigurinis
459 2144 566 2177 Gallis
590 2154 680 2187 pago
707 2144 951 2183 Helvetiorum,
980 2145 1037 2186 qui
1063 2155 1083 2176 a
1110 2145 1248 2177 civitate
1271 2149 1497 2184 secesserant,
1523 2145 1559 2177 in
1583 2144 1708 2178 finibus

218 2201 439 2244 Allobrogum
467 2213 542 2234 cum
567 2203 718 2235 exercitu
745 2212 863 2234 caesus
892 2207 960 2240 est;
998 2202 1143 2241 milites,
1178 2203 1235 2243 qui
1260 2213 1302 2235 ex
1329 2213 1369 2235 ea
1397 2203 1495 2235 clade
1522 2213 1707 2246 superave-

218 2265 290 2290 rant
315 2279 362 2284 —
387 2270 463 2292 cum
488 2261 644 2293 hostibus
670 2261 761 2303 pacti
786 2261 888 2292 sunt.’
938 2260 1029 2292 idem
1053 2260 1125 2292 fere
1151 2265 1304 2292 narratur
1329 2271 1349 2292 a
1375 2260 1444 2294 Cio.
1472 2262 1544 2293 Inv.
1575 2262 1626 2301 II,
1663 2263 1708 2294 72

217 2317 308 2356 quod
333 2327 353 2348 a
378 2316 505 2349 Cornif.
534 2326 585 2351 set
610 2329 677 2351 non
703 2319 875 2350 nominato
899 2318 1065 2361 Popillio;
1101 2318 1190 2350 adde
1216 2318 1258 2350 de
1281 2317 1373 2361 legg.
1401 2319 1460 2358 111,
1487 2319 1544 2353 40.
1590 2319 1704 2352 simile

216 2374 363 2406 Mancini
388 2376 584 2418 exemplum
610 2387 629 2408 a
650 2376 762 2414 Quint.
789 2375 929 2407 affertur
952 2377 1029 2415 VII,
1053 2377 1085 2415 4,
1114 2377 1168 2408 12.

308 2433 364 2470 24,
389 2438 416 2464 3.
445 2435 689 2466 accersitur
716 2433 978 2466 maiestatis.
1031 2433 1100 2465 Cic.
1129 2434 1171 2466 de
1197 2434 1288 2476 legg.
1323 2434 1390 2473 III,
1420 2434 1460 2466 17
1495 2432 1704 2476 perduellio-

219 2489 270 2520 nis
295 2499 389 2521 reum
413 2491 506 2522 dicit.
632 2499 673 2523 10.
710 2502 776 2524 non
802 2492 1033 2524 necessarium
1059 2491 1123 2524 fuit
1148 2502 1222 2524 eum
1257 2491 1483 2524 deterioribus
1514 2491 1611 2524 libris
1644 2491 1705 2524 ad-

216 2546 297 2578 dere
317 2540 418 2579 ‘ratio
447 2550 505 2580 est'
532 2550 734 2591 praesertim
761 2560 863 2590 quom
888 2549 978 2581 infra
1002 2550 1119 2582 redeat
1145 2551 1316 2583 definitio:
1349 2544 1466 2593 ‘ergo,
1501 2554 1537 2581 ut
1558 2549 1703 2588 ostendi,

215 2605 299 2637 ratio
327 2616 367 2637 ea
389 2611 457 2645 est,
493 2617 579 2647 quae
613 2608 761 2639 continet
793 2607 1051 2639 defensionem.'
1181 2613 1225 2640 13.
1256 2618 1362 2648 quae
1393 2607 1483 2639 nisi
1510 2607 1705 2640 interce-

214 2663 360 2702 deret,
388 2673 436 2695 ne
463 2674 594 2696 causa
618 2664 788 2705 quidem
815 2670 944 2696 esset.
996 2665 1046 2695 sic
1073 2664 1142 2696 Cic.
1171 2666 1243 2696 Inv.
1273 2666 1306 2703 I,
1328 2664 1389 2697 18:
1412 2658 1512 2697 ‘ratio
1540 2670 1591 2697 est.
1617 2675 1705 2706 quae

213 2722 362 2753 continet
387 2731 544 2761 causam,
580 2731 667 2762 qnae
693 2722 722 2753 si
753 2720 887 2752 sublata
920 2721 981 2760 sit,
1022 2720 1107 2752 nihil
1133 2722 1167 2752 in
1194 2731 1298 2753 causa
1322 2722 1575 2755 controversiae
1599 2723 1703 2755 relin-

213 2780 357 2820 quatur!
379 2776 386 2784 '
406 2779 535 2811 ibidem
560 2779 671 2821 leges:
700 2778 835 2810 Orestes
861 2780 889 2809 si
917 2783 1094 2810 accusetur
1119 2779 1290 2811 matricidi
1313 2781 1380 2812 nisi
1404 2780 1470 2812 hoc
1493 2781 1601 2813 dicat:
1627 2781 1701 2814 iure

212 2836 298 2875 feci,
337 2837 397 2869 illa
421 2838 510 2869 enim
536 2840 667 2878 patrem
692 2845 805 2867 meum
831 2835 1021 2874 occiderat,
1061 2845 1127 2867 non
1153 2836 1256 2869 habet
1281 2837 1536 2877 defensionem,
1575 2848 1642 2880 qua
1665 2848 1703 2870 re

214 2895 323 2927 omnis
348 2905 482 2937 quoque
511 2893 743 2927 controvorsia
774 2893 909 2925 sublata
938 2898 1000 2925 est.
1134 2900 1177 2926 17.
1219 2894 1544 2928 firmamentum
1575 2905 1703 2936 quae-
