1923 3182
871 150 1078 187 NOTAE.
1645 141 1728 183 221

221 260 373 307 φαλαίῳ
400 257 508 305 λέγῃς
541 254 860 304 ἐπαγγελλόμενος
885 254 930 293 οὗ
963 255 1060 302 πρὸς
1094 252 1243 292 ἐκείνου
1268 257 1411 302 μᾶλλον
1439 251 1464 301 ἢ
1498 252 1596 300 πρὸς
1622 252 1732 300 ἡμῶν

221 316 336 354 εἶναι.
388 322 548 363 Hermog.
577 325 690 352 autem
717 321 799 352 dicit
825 330 865 351 π.
893 312 972 360 εὕρ.
1002 318 1069 351 104
1102 313 1355 360 ἰσχυρότατον
1383 313 1494 360 γένος
1520 312 1661 354 λύσεως
1686 333 1732 339 --

221 371 245 412 ὃ
273 375 338 411 καὶ
364 376 492 423 βίαιον
517 373 694 420 κέκληται
715 395 760 401 -
778 369 874 410 ὅταν
901 373 955 415 εἰς
981 371 1024 409 τὸ
1052 371 1230 408 ἐναντίον
1255 369 1497 419 περιιστάναι
1523 372 1734 417 δυνώμεθα

220 431 289 469 τὸν
318 432 433 479 λόγον
459 429 496 476 ἐξ
529 429 656 468 αὐτῶν
685 432 886 478 αἱροῦντες
914 430 983 467 τὸν
1008 428 1209 467 ἀντίδικον
1238 430 1297 473 οἷς
1320 432 1482 476 θαρρῶν
1512 428 1732 475 εἰσέρχεται,

222 495 388 537 all'ertque
415 495 576 537 exempla
601 494 779 528 Demosth.
808 495 904 534 XIX,
933 494 989 528 78.
1021 494 1097 526 134.
1132 494 1200 526 tale
1231 495 1444 537 prooemium
1477 502 1637 535 magnam
1663 492 1732 523 vim

221 554 325 586 habet
345 547 439 586 ‘nam
464 546 617 586 auditor'
645 554 690 584 ait
720 553 790 586 Cic.
821 553 842 585 l.
873 564 900 585 c.
925 546 1042 594 equom
1068 564 1168 591 enm,
1196 564 1296 594 quem
1330 551 1522 585 advorsarii
1556 549 1734 592 perturba-

223 618 292 644 tum
318 617 438 655 putant
465 612 635 652 oratione,
671 611 764 643 videt
789 612 904 643 animo
931 611 1139 643 firmissumo
1165 618 1283 644 contra
1308 611 1422 643 dicere
1448 616 1624 652 paratum,
1658 607 1733 649 ple-

222 681 365 712 rumque
391 680 429 703 se
455 669 569 712 potius
596 674 722 700 temere
755 669 952 701 adst-usisst·
989 679 1089 710 quam
1125 670 1220 702 illum
1247 671 1321 703 sine
1349 680 1455 702 causa
1481 666 1652 700 confidere
1679 676 1733 697 ar-

222 724 390 762 bitratui-‚⁹
442 727 622 759 lectionem
643 719 771 769 ‘putat’
796 726 946 759 minume
978 729 1209 759 neeessariam
1236 728 1434 771 intelleges,
1476 726 1676 770 praesertim
1703 725 1731 755 si

222 794 374 819 nostrum
401 785 513 819 locum
539 796 743 828 compares.
786 786 843 817 ubi
870 786 949 817 item
976 786 1168 818 adversarii
1193 786 1320 828 plurali
1346 796 1486 818 numero
1514 785 1731 816 inducuntur.

222 846 287 878 etsi
317 846 430 878 statim
458 843 547 876 infra
573 854 660 875 unus
687 844 909 877 adversarius
934 852 1231 876 couunemoratur.
1334 851 1378 878 10,
1417 844 1527 885 quod
1554 843 1632 874 ille
1659 852 1732 872 uu-

221 904 413 946 perrime
440 903 623 936 dixerit.
663 902 696 934 h.
726 914 756 936 e.
791 903 823 934 in
857 908 1012 935 extrema
1039 912 1103 934 sua
1129 905 1300 939 oratione,
1344 903 1386 938 ef.
1418 902 1476 943 ΙΙΙ,
1510 900 1563 934 18.
1593 920 1638 925 -—
1691 905 1731 930 lt.

221 962 503 994 dubitatione
529 967 705 995 utemur,
749 961 795 994 cf.
825 962 940 1000 Quint.
972 961 1028 998 IX,
1059 963 1091 997 2,
1123 962 1178 999 19,
1206 963 1263 1003 qui
1296 961 1412 993 laudat
1439 961 1510 995 Cic.
1536 970 1571 1002 p.
1602 958 1734 990 Cluent.

220 1022 261 1052 4:
283 1013 459 1062 ‘equidem
485 1020 577 1062 quod
603 1020 646 1052 ad
672 1030 724 1051 me
751 1020 883 1058 attinet,
911 1031 977 1062 quo
1003 1031 1057 1052 me
1083 1027 1227 1061 vortam,
1255 1021 1384 1054 neseio.
1413 1030 1535 1062 negem
1561 1018 1668 1050 fuisse
1696 1018 1735 1049 il-

223 1079 290 1111 lam
328 1079 506 1111 infamiam
541 1079 647 1110 iudici
684 1071 876 1121 corrupti'?
913 1086 976 1110 etc.
1077 1085 1120 1113 12.
1157 1079 1255 1120 quoi
1284 1079 1378 1112 loeo
1405 1079 1587 1121 primum
1616 1088 1732 1119 resp.

220 1138 334 1170 simile
359 1138 446 1171 illud
471 1137 649 1171 Demos-111.
673 1137 801 1177 xx‘ttl,
831 1136 908 1172 129.
936 1130 1005 1169 οὐκ
1033 1130 1205 1179 ἀπορῶν,
1231 1129 1288 1170 ὅτι
1314 1131 1385 1180 χρὴ
1416 1133 1503 1179 περὶ
1533 1134 1602 1169 σοῦ
1623 1155 1659 1160 -
1686 1132 1735 1168 εἰ-

221 1197 330 1236 πεῖν,
364 1189 500 1237 ἀπορῶ
538 1193 608 1227 τοῦ
643 1190 798 1236 πρώτου
838 1195 1015 1238 μνησθῶ.
1068 1208 1157 1229 cum
1185 1197 1501 1229 adfirmatione
1527 1196 1732 1234 tenebimus,

220 1255 378 1297 quamvis
411 1253 481 1286 Cic.
517 1254 539 1288 l.
574 1266 604 1289 e.
647 1255 854 1288 deteriorum
882 1256 982 1290 codd.
1026 1256 1204 1288 lectionem
1225 1249 1317 1287 ‘cum
1353 1247 1595 1287 admiratioue'
1622 1255 1731 1285 solam

221 1313 370 1351 liabeat;
409 1313 580 1345 dubitatio
612 1321 792 1355 utrumque
827 1315 986 1349 admittit,
1087 1320 1131 1347 13.
1176 1315 1218 1345 de
1250 1314 1362 1346 forma
1394 1315 1507 1345 erint
1535 1319 1672 1345 servata
1700 1313 1731 1343 in

221 1372 298 1406 cod.
324 1372 345 1404 k
372 1372 443 1407 vid.
468 1371 609 1406 Lat-lun.
638 1373 683 1404 nd
712 1374 786 1405 (iai.
816 1374 841 1411 I,
874 1373 947 1405 146.
986 1391 1028 1395 —
1081 1379 1123 1407 14.
1162 1375 1304 1416 possit
1338 1373 1605 1415 incipiemus
1630 1371 1730 1413 pauci

221 1436 253 1462 et
279 1437 431 1463 recentes
459 1430 556 1468 libri,
593 1433 735 1473 possit
768 1432 1047 1465 exordiemur
1080 1433 1174 1465 solae
1202 1432 1247 1465 E.
1277 1438 1365 1463 res-te
1394 1432 1497 1474 igitur
1523 1431 1619 1463 Klotz
1647 1430 1733 1461 omi-

221 1489 264 1520 sit
290 1489 446 1526 verbum,
473 1489 564 1530 qnod
591 1489 692 1521 facile
719 1490 851 1531 aliquid
882 1492 975 1523 verbi
997 1502 1015 1522 a
1035 1492 1207 1523 communi
1229 1490 1381 1533 intellegi
1403 1490 1534 1532 possit:
1575 1495 1608 1520 at
1630 1499 1734 1530 aegre

221 1552 333 1578 mente
359 1546 542 1589 suppletur
562 1541 809 1580 ‘exordiemur’
840 1550 1041 1591 interposito
1061 1550 1168 1582 altero
1194 1550 1296 1581 verbo
1319 1541 1498 1582 ‘utemur'.
1527 1558 1592 1589 quo
1617 1547 1734 1578 malim

222 1604 349 1637 referre
376 1605 560 1644 ablativos,
587 1607 715 1640 omissa
742 1608 902 1639 nimirum
930 1609 1200 1651 praepositione,
1236 1618 1338 1649 quam
1366 1608 1549 1649 irrepsisse
1576 1606 1736 1648 suspicor

221 1673 263 1695 ex
290 1663 364 1696 loco
392 1663 462 1697 Cic.
493 1665 564 1698 luv.
597 1665 622 1699 I.
649 1666 693 1698 '25
724 1659 792 1698 tsin
821 1679 874 1700 res
901 1667 1015 1702 dabit,
1053 1678 1116 1699 non
1151 1666 1271 1698 inutile
1297 1673 1347 1698 est
1373 1666 1414 1696 al)
1442 1665 1559 1706 aliqua
1586 1676 1619 1696 re
1646 1675 1733 1697 nora

220 1723 453 1756 aut'1·idieula
478 1717 661 1767 incipere'.
714 1724 920 1768 apologo.
958 1726 1165 1768 Aesopicam
1194 1725 1344 1756 salutlam
1373 1724 1473 1763 dicit,
1502 1723 1547 1755 es.
1574 1723 1661 1756 tivll.
1691 1724 1734 1756 ΙΙ,

220 1780 278 1821 29,
306 1781 364 1817 fin.
402 1782 474 1819 Cic.
501 1783 543 1815 de
570 1793 618 1816 or.
645 1783 687 1824 ΙΙ,
716 1783 797 1817 264.
834 1785 949 1823 Quint.
975 1785 1033 1826 Vl,
1064 1785 1096 1817 3.
1124 1785 1180 1816 ⁴4.
1212 1791 1293 1827 aput
1327 1782 1504 1825 Aristopli.
1534 1783 1640 1825 Vesp.
1667 1781 1736 1815 583

220 1850 300 1873 rens
326 1835 506 1873 Αἰσώπου
535 1851 574 1873 τε
599 1838 749 1883 γέλοιον
784 1842 926 1885 profert,
979 1842 1133 1875 fabula
1158 1844 1251 1875 veri
1289 1842 1433 1876 simili
1460 1848 1493 1873 ut
1523 1841 1734 1873 comoediae.

219 1899 477 1941 tragoediarum
503 1901 594 1932 euim
619 1900 759 1932 fabulae
788 1911 848 1932 nee
875 1912 976 1933 verae
1003 1911 1064 1932 nee
1090 1901 1160 1933 veri
1188 1900 1339 1939 similes,
1383 1899 1429 1933 cf.
1461 1901 1484 1938 l,
1520 1899 1571 1934 13.
1601 1901 1643 1932 de
1671 1910 1734 1932 usu

221 1956 361 1989 fabulae
387 1956 432 1991 cf.
461 1956 529 1989 Cic.
546 1958 636 1990 Part.
664 1959 726 1991 40:
757 1959 876 1991 sabula
900 1961 1002 1991 etiam
1031 1970 1096 1992 nou
1123 1969 1320 2000 numquam.
1347 1959 1410 1990 etsi
1437 1959 1481 1990 sit
1508 1957 1734 1995 incredibilis,

219 2022 332 2048 tamen
360 2016 517 2050 homines
544 2010 751 2052 conmovet',
804 2019 918 2057 itaque
946 2028 978 2059 p.
1008 2018 1079 2050 Mil.
1100 2018 1135 2050 8.
1163 2017 1274 2048 attulit
1295 2011 1375 2049 ‘non
1403 2017 1478 2049 sine
1503 2028 1609 2048 eausa
1635 2017 1738 2047 etiam

220 2075 310 2108 lictis
335 2075 463 2107 sabulis
490 2076 692 2109 doetissumi
717 2077 872 2109 homines
890 2077 1074 2109 memoriae
1101 2075 1326 2118 prodiderunt
1351 2086 1440 2113 eum,
1468 2076 1524 2116 qui
1551 2075 1659 2116 patris
1687 2074 1736 2105 ul-

220 2135 374 2167 ciscendi
400 2145 506 2167 eausa
532 2141 674 2167 matrem
701 2136 963 2173 necavisset,—
989 2136 1280 2177 sapientissnmae
1305 2134 1390 2166 deae
1417 2134 1584 2166 sententia
1613 2133 1738 2165 libera-

220 2185 322 2226 tum’.
381 2193 705 2236 depravatione
745 2192 895 2235 explicet
932 2195 1046 2232 Quint.
1082 2195 1141 2235 VJ,
1175 2192 1207 2225 3.
1249 2194 1270 2225 ὕ
1305 2187 1504 2225 ‘ridiculum
1538 2194 1666 2226 dictum
1691 2213 1738 2216 —

221 2262 328 2295 saepe
354 2258 405 2285 est
431 2252 603 2284 industria
626 2244 885 2295 depravatum’.
930 2252 1045 2284 differt
1070 2252 1201 2284 seilicet
1229 2252 1326 2294 depr.
1366 2253 1407 2283 ab
1437 2252 1647 2291 imitatione,
1675 2263 1737 2285 nec-

222 2317 305 2350 erat,
333 2322 394 2343 cur
419 2311 462 2344 ob
489 2311 603 2344 locum
629 2310 699 2343 Cic.
727 2311 770 2343 de
795 2321 843 2343 or.
862 2311 904 2349 ΙΙ,
933 2312 1001 2343 242
1021 2303 1071 2342 ein
1098 2321 1133 2343 re
1160 2316 1211 2344 est
1237 2312 1318 2343 item
1344 2311 1547 2350 ridiculum,
1575 2312 1668 2353 quod
1694 2323 1735 2343 ex

221 2370 373 2412 quadam
401 2370 591 2412 depravata
623 2370 813 2401 imitatione
840 2369 931 2401 sumi
957 2361 1060 2401 solet'
1094 2370 1269 2403 inferioris
1297 2370 1449 2402 familiae
1480 2370 1580 2402 lectio
1609 2363 1735 2402 ‘imita-

221 2430 314 2461 tione
353 2421 558 2470 depravata'
595 2429 818 2471 reciperetur.
920 2434 963 2461 15.
1010 2428 1278 2463 invorsione.
1324 2429 1398 2461 eius
1442 2429 1641 2471 exemplum
1680 2430 1737 2461 dat

222 2488 293 2520 Cic.
323 2487 366 2519 de
392 2496 441 2520 or.
478 2487 521 2524 II,
549 2486 631 2525 261,
666 2487 757 2519 unde
793 2486 914 2518 videas
948 2486 1038 2519 idem
1071 2488 1274 2529 esse'quod
1308 2487 1397 2520 infra
1430 2489 1488 2527 IV,
1521 2488 1568 2521 46
1600 2500 1737 2531 permu-

221 2547 395 2578 tationem.
447 2545 491 2577 de
515 2545 766 2577 abiectione
792 2545 872 2577 vide
901 2545 972 2581 Cio.
1000 2557 1049 2581 or.
1082 2547 1160 2581 127.
1190 2548 1233 2579 de
1260 2548 1516 2590 suspitione
1543 2547 1585 2579 de
1611 2556 1661 2581 or.
1690 2548 1733 2582 II,

221 2605 304 2640 268.
355 2605 398 2637 de
431 2604 647 2637 inrisione
686 2603 734 2638 ib.
772 2604 854 2639 277.
905 2605 948 2638 de
980 2606 1182 2638 stultitia
1214 2607 1260 2638 ib.
1296 2607 1377 2640 274.
1420 2607 1478 2648 qui
1515 2593 1736 2638 correxerunt

216 2656 397 2696 ‘stultitiae
416 2657 593 2696 irrisione'
611 2671 680 2694 non
704 2662 868 2695 videbant
893 2675 971 2697 esse
992 2665 1134 2698 brevius
1154 2665 1365 2708 appellatam
1384 2675 1446 2707 pro
1468 2664 1630 2697 simulata
1651 2663 1752 2695 stuI-'

222 2722 308 2755 titia.
361 2720 406 2753 cf.
434 2721 549 2760 Quint.
574 2722 634 2761 VI,
662 2721 695 2761 3,
722 2722 785 2766 23:
809 2715 947 2755 ‘eadem
972 2734 1059 2765 quae
1084 2725 1113 2756 si
1140 2723 1404 2766 inprudentibus
1431 2722 1604 2759 excidant,
1631 2721 1735 2753 stulta

222 2785 312 2819 sunt,
339 2780 370 2812 si
387 2780 602 2819 simulamus,
633 2786 780 2814 venusta
803 2775 1012 2816 creduntur?
1110 2788 1153 2814 16.
1180 2782 1223 2814 de
1248 2781 1556 2824 superlatione
1581 2779 1626 2812 ef.
1646 2778 1736 2810 infra

222 2839 282 2877 IV,
308 2839 366 2872 44.
431 2838 706 2872 coniectione
730 2839 945 2882 significatur
971 2839 1218 2880 frequentatio,
1253 2840 1322 2872 hie,
1350 2840 1384 2870 ni
1411 2838 1526 2876 fallor,
1552 2836 1736 2868 referenda

221 2903 275 2930 est
300 2897 346 2929 ad
369 2901 572 2940 argumenta
595 2896 638 2928 ab
664 2897 865 2930 adversario
889 2897 1044 2939 prolata,
1087 2896 1131 2931 ef.
1163 2896 1234 2930 Cic.
1270 2897 1365 2929 Brut.
1396 2894 1481 2929 303.
1524 2894 1649 2936 liquet,
1676 2905 1736 2926 eur
