1923 3182
778 175 810 211 N
823 174 852 210 s)
865 174 894 209 Τ
903 176 936 209 A
948 174 989 209 E.
1556 165 1641 207 263

138 292 268 325 seilicet
286 292 331 324 ad
356 291 498 323 verbum
526 300 569 321 ex
595 289 723 320 Graeca
749 296 951 330 expressam
979 284 1157 317 referenda
1182 284 1261 318 sint,
1290 293 1439 315 ceterum
1466 283 1536 315 Cic.
1566 284 1639 315 Inv.

138 352 162 391 l,
188 350 235 384 83
261 351 383 383 eadem
410 350 514 381 verba
540 348 657 386 affert,
692 353 726 377 ut
753 346 980 383 demonstret,
1008 343 1132 385 quibus
1159 343 1350 375 rationibus
1378 342 1463 374 salsa
1489 341 1641 384 eomple-

137 411 196 442 xio
216 409 488 453 reprehendatur
505 401 577 439 ‘aut
611 406 834 438 convorsione
860 411 916 435 ant
942 403 1083 435 alterius
1109 402 1218 445 partis
1245 395 1482 432 inlirmatione'
1508 400 1553 432 cf.
1582 409 1642 431 no-

138 474 209 501 tata
238 469 282 501 ad
305 468 363 507 64,
403 467 456 500 19.
484 485 530 489 -
579 472 608 500 7,
640 464 752 506 quod
786 464 951 504 dicitur
982 468 1131 494 contra
1162 460 1332 491 iudicis
1364 459 1636 491 voluntatem
1664 456 1708 488 -13

139 539 195 571 ap.
228 527 300 560 Cic.
329 528 400 559 Inv.
429 528 454 564 I,
478 525 523 558 92
552 518 625 556 ‘aut
652 523 820 557 offensum
846 530 916 555 cs'.
941 520 1032 562 qnod
1056 530 1186 553 eornm.
1215 519 1273 560 qui
1296 518 1451 550 audiunt.
1480 517 1637 550 voluuta-

140 594 207 618 tem
235 585 358 625 laedit,
389 590 425 616 ut
451 586 481 617 si
508 584 584 625 quis
610 589 692 625 aput
718 582 850 622 equites
878 580 1050 611 Romanos
1078 578 1224 620 cupidos
1251 576 1426 608 indicandi
1455 575 1640 617 Caepionis

141 646 252 689 legem
269 643 488 677 iudiciariam
504 641 632 679 laudet,
660 646 716 672 aut
744 639 951 672 contrarium
977 644 1040 675 est,
1069 637 1160 678 qnod
1186 642 1303 669 contra
1330 646 1368 666 ea
1395 635 1531 673 dieitur,
1555 645 1640 674 quae

140 706 176 744 ii,
206 705 263 745 qui
291 703 446 744 audiunt,
473 692 636 733 'fecerunt'
665 704 728 731 etc.
756 698 846 730 adde
873 697 914 728 ‹le
943 706 991 729 or.
1021 696 1061 732 ll,
1087 695 1167 728 304.
1196 713 1243 716 —
1295 701 1335 725 to.
1360 695 1405 725 ita
1431 694 1501 727 Cic,
1524 693 1596 723 Inv.
1614 692 1639 732 1,

139 757 405 797 04‘advorsum
441 766 492 793 est
517 777 562 782 —
588 760 619 791 si
651 757 751 801 plura
782 756 959 800 pollicitus
993 755 1155 798 pauciora
1192 752 1458 789 demonstrabit,
1501 756 1575 788 aut,
1612 750 1641 781 si

142 833 244 865 quom
275 827 382 854 totum
408 819 546 853 debebit
572 818 772 855 ostendere,
807 816 849 847 de
874 820 970 857 parte
1002 814 1118 854 aliqua
1151 804 1330 853 loquatur',
1431 816 1475 843 12.
1512 820 1560 841 ne
1593 809 1642 839 de

142 882 230 914 alia
253 892 298 914 re
334 881 523 913 dicatur,
575 878 639 909 hoc
672 885 797 919 genere
831 873 1071 916 complectitur
1105 871 1232 902 formas
1259 868 1349 901 infra
1376 867 1547 901 exhibitas
1575 872 1644 898 tota

142 942 206 974 hac
229 944 262 983 §.
290 939 430 972 brevius
455 948 496 970 ea
520 937 754 979 transiguntur
779 945 799 966 a
825 933 895 966 Cic.
923 932 994 965 lur.
1025 931 1048 969 Ι,
1071 930 1119 962 94
1140 923 1344 961 ‘advorsum
1364 933 1412 959 est
1438 945 1486 949 —
1510 927 1540 958 si
1567 926 1643 966 quis

142 1019 188 1023 -—
213 1009 289 1033 non*
306 999 354 1038 id,
381 997 472 1040 quod
499 995 727 1034 accusabitur,
756 992 930 1030 defendat,
958 997 1006 1025 ut,
1028 991 1057 1023 si
1084 990 1174 1030 quis,
1202 998 1303 1029 quom
1329 986 1477 1018 ambitus
1502 995 1644 1017 accusa-

143 1059 253 1097 bitur,
282 1067 386 1090 manu
412 1067 450 1089 se
483 1055 606 1089 fortem
638 1065 716 1087 esse
743 1052 926 1089 defendat,
969 1055 1025 1081 aut
1052 1054 1086 1080 ut
1121 1046 1296 1089 xmphion
1329 1050 1411 1088 aput
1444 1043 1645 1086 Euripidem

146 1117 242 1160 [item
267 1121 350 1160 aput
373 1113 576 1157 Pacuvium]
614 1115 671 1156 qui
704 1114 898 1154 vituperaau
924 1110 1056 1141 musica
1084 1107 1290 1150 sapientiam
1324 1097 1460 1136 laudct’.
1511 1102 1568 1134 hic
1596 1102 1647 1133 in-

145 1177 243 1209 clusa
261 1185 330 1210 om.
357 1185 451 1208 voss.
478 1175 509 1208 1
533 1167 605 1206 ant
631 1178 667 1205 ut
691 1190 738 1194 —
763 1162 890 1203 laudet'
914 1176 964 1200 est
993 1169 1026 1200 in
1047 1165 1103 1210 11¹,
1132 1173 1310 1209 praeterea
1332 1155 1416 1205 qui’
1444 1162 1644 1195 deleverim

147 1242 190 1270 Ιῦ
219 1233 380 1268 Zethus
409 1244 500 1266 cum
528 1232 776 1275 Amphione.
808 1228 936 1261 excidit
964 1234 1020 1259 aut
1047 1225 1280 1269 supplendum
1307 1228 1356 1255 est
1383 1222 1526 1253 ve1bum
1554 1232 1583 1253 e.
1612 1232 1645 1263 g.

140 1286 321 1338 ‘peccautffi
420 1299 464 1326 ¹7.
493 1292 542 1324 de
568 1291 748 1323 musica
776 1289 875 1320 xides
899 1288 1091 1319 Romanum
1115 1284 1290 1317 hominem
1314 1292 1333 1313 a
1359 1281 1483 1313 studiis
1508 1280 1650 1311 musicis

145 1363 308 1397 separzue
331 1351 589 1395 philosophiam
608 1360 708 1382 secus
735 1359 774 1380 ac
799 1346 1076 1390 sapientissumis
1093 1344 1138 1375 (ιι
1140 1352 1299 1375 ‘iecorum
1325 1340 1467 1383 placuit,
1491 1338 1535 1370 cf.
1551 1338 1598 1368 W
1601 1337 1649 1369 el-

147 1413 227 1445 cker
251 1413 354 1454 Tiag.
383 1410 452 1443 818
477 1421 553 1451 sqq.
573 1402 782 1451 sapientiae
810 1397 985 1438 iationem’
1012 1403 1170 1436 tuebatiu
1199 1399 1384 1443 Amphion
1407 1392 1558 1429 virtutis
1582 1396 1649 1427 uti-

148 1463 287 1503 litatem'
310 1469 447 1502 Zethus.
499 1468 591 1510 quod
615 1473 727 1499 autem
747 1465 812 1497 hoc
829 1472 949 1496 utinm
976 1464 1106 1501 attinet,
1132 1459 1356 1493 Demostheni
1370 1457 1527 1498 obicitur
1558 1455 1648 1496 quod

147 1530 261 1562 aliena
286 1529 487 1566 immisceat,
513 1527 555 1558 ab
581 1525 752 1558 Aeschine
770 1525 795 1563 I,
815 1524 892 1561 106,
915 1523 992 1561 170,
1018 1522 1095 1560 174,
1124 1519 1289 1552 Aeschini
1314 1517 1407 1549 idem
1432 1527 1452 1547 a
1471 1513 1647 1547 Demosth.

147 1588 244 1627 XIX,
271 1587 352 1627 201,
379 1586 447 1620 214
471 1585 678 1618 Androtioni
696 1583 806 1623 XXII,
833 1581 892 1622 43,
920 1581 977 1614 46.
1005 1580 1190 1623 Pol5eucto
1212 1578 1253 1610 ab
1281 1575 1456 1619 Hyperide
1480 1584 1534 1617 pr.
1560 1573 1649 1607 Eux.

149 1647 214 1680 col.
243 1647 302 1682 41,

242 1705 300 1744 71,
327 1709 353 1736 1.
380 1703 451 1736 Cic.
476 1703 566 1736 Part.
600 1702 641 1734 15
672 1700 863 1744 praecipit:
892 1693 1123 1730 ‘firmamenta
1147 1713 1194 1717 —-
1226 1699 1282 1725 aut
1310 1691 1475 1724 diluenda
1504 1695 1560 1721 aut
1593 1699 1654 1731 op-

150 1764 320 1797 scm-anda
339 1768 396 1795 aut
421 1760 704 1805 degressionibus
731 1750 920 1791 obruenda'
947 1757 1140 1797 fateturque
1168 1752 1338 1785 Antonius
1372 1750 1414 1782 ‹le
1441 1759 1488 1780 or.
1519 1749 1559 1786 ΙΙ,
1586 1747 1655 1780 294

145 1817 191 1855 ‘si
217 1833 304 1864 quae
329 1826 464 1864 premat
485 1830 540 1852 res
568 1819 824 1857 vehementius,
851 1835 899 1839 —-
932 1816 1098 1848 adhibere
1135 1811 1309 1854 quandam
1343 1810 1377 1841 in
1404 1807 1550 1840 diceudo
1577 1816 1656 1848 spe-

153 1883 240 1914 ciem
272 1886 374 1922 atque
404 1889 568 1922 pompam
594 1884 626 1910 et
653 1887 790 1920 purnae
814 1876 965 1908 similem
998 1865 1138 1916 fugam'.
1190 1870 1269 1902 talis
1304 1867 1486 1900 simulatae
1520 1875 1657 1908 pugnae

154 1939 315 1983 exempla
347 1937 514 1982 praebent
545 1936 616 1971 Cic.
653 1936 824 1968 orationes
856 1944 925 1966 non
953 1944 1107 1976 paucae,
1139 1936 1175 1961 ut
1208 1928 1402 1967 Quintiana,
1439 1924 1656 1961 Caeciniana,

154 1998 325 2031 Tulliana.
408 1994 443 2030 3.
471 1994 696 2026 simillumum
724 1998 786 2032 est,
814 1992 908 2033 quod
933 1989 1196 2032 Lwophronem
1220 1984 1392 2028 μοιχειας
1419 1993 1515 2016 reum
1542 1982 1659 2014 dicen-

155 2064 223 2091 tem
248 2056 331 2088 facii,
356 2054 550 2098 Hyperides
582 2053 648 2087 col.
681 2053 735 2086 14.
769 2058 820 2084 ter
846 2059 971 2082 corona
1000 2048 1163 2080 donatum
1196 2056 1216 2077 a
1247 2043 1418 2076 Lemniis·
1451 2033 1478 2073 ἂ
1502 2035 1551 2081 δὴ
1579 2049 1658 2070 τεκ-

154 2109 274 2158 μήρια
297 2107 391 2156 ὑμῖν
417 2105 518 2144 ἔστιν
544 2106 598 2149 εἰς
624 2108 764 2143 τοῦτον
789 2103 858 2140 τὸν
883 2103 1025 2150 τὶγωνα,
1054 2099 1104 2143 ὧς
1131 2101 1290 2145 ψευδεῖς
1312 2095 1393 2132 κατ’
1416 2093 1511 2141 ἐμοῦ
1536 2094 1658 2129 αἰτίαι

157 2169 273 2206 εἰσί-ν
310 2164 357 2204 οὗ
388 2164 460 2213 γὰρ
492 2164 580 2202 οἶόν
609 2178 648 2201 τε
683 2162 752 2200 τὸν
780 2160 964 2208 Ἀθήνησι
996 2156 1173 2205 πονηρὸν
1207 2153 1248 2192 ἓν
1273 2153 1415 2201 Δημνῳ
1442 2151 1543 2189 εἶναι
1568 2165 1658 2198 χρη-

158 2225 260 2271 στόν.
312 2230 511 2269 Quint.1V,
562 2229 644 2269 ,15
671 2227 837 2260 rationem
862 2225 942 2257 talis
974 2222 1187 2256 defensionis
1219 2219 1371 2262 explicat
1417 2226 1458 2248 an
1484 2225 1562 2247 leus
1587 2224 1659 2245 am-

157 2292 248 2324 bitus
273 2290 363 2322 male
380 2288 545 2331 narrabit,
572 2298 658 2329 quos
683 2290 842 2330 parentes
864 2283 1036 2322 habuerit,
1063 2291 1164 2322 quem
1185 2279 1228 2311 ad
1254 2277 1395 2310 modum
1419 2276 1495 2318 ipse
1520 2274 1659 2311 vixerit,

159 2350 283 2392 quibus
307 2348 438 2380 meritis
464 2347 572 2379 fretus
598 2346 642 2378 ad
664 2345 866 2388 petitionem
891 2332 1136 2374 descenderis?
1219 2343 1247 2371 6.
1275 2336 1367 2367 idem
1393 2334 1597 2367 01ι5ειιιιιιιι
1619 2332 1660 2363 ab

157 2410 307 2441 Isocrate
332 2407 409 2446 XII,
438 2406 517 2444 112,
548 2410 581 2437 et
609 2405 650 2437 ab
676 2403 849 2436 Aeschine
877 2402 935 2440 Ill,
962 2399 1047 2432 205·
1081 2390 1198 2430 οὐδὲν
1232 2390 1328 2437 ἔχων
1357 2391 1512 2424 δίκαιον
1538 2386 1663 2423 εἰπεῖν

160 2461 296 2509 ἑτέρων
326 2461 547 2508 παρεμβολῇ
579 2458 814 2504 πραγμάτων
845 2456 898 2497 εἰς
923 2453 1052 2502 λήθην
1084 2452 1184 2499 ὑμᾶς
1207 2447 1382 2499 βούλεται
1407 2449 1475 2494 τῆς
1505 2459 1664 2492 κατηγο-

161 2525 247 2569 ρίας
268 2517 457 2568 ἐμβαλεῖν.
510 2522 562 2554 de
596 2532 643 2554 ea
675 2532 719 2554 re
749 2521 784 2555 h
822 2520 864 2552 de
890 2529 930 2552 ea
954 2529 1008 2558 re,
1044 2527 1111 2558 qua
1135 2516 1177 2548 de
1203 2514 1317 2556 agitur
1342 2518 1375 2544 ut
1402 2511 1443 2550 ΙΙ,
1473 2511 1506 2549 5,
1537 2510 1592 2549 13,
1618 2508 1665 2542 48

162 2585 233 2627 (z
259 2580 369 2622 31‚8;
402 2580 502 2620 39‚5
511 2579 604 2620 ;‚76
626 2579 679 2622 9),
713 2581 828 2621 itaque
861 2579 1004 2610 Ernesto
1041 2574 1170 2608 delenti
1202 2581 1393 2616 pronomen
1419 2563 1554 2659 ‘'l-quod
1561 2568 1662 2601 facile

164 2642 278 2683 quivis
309 2645 400 2673 recte
429 2639 502 2672 fieri
527 2631 660 2671 sentiat'
694 2638 821 2671 Schiitz
848 2642 879 2669 et
913 2635 1020 2669 Orelli
1055 2640 1183 2667 temere
1213 2634 1445 2663 assenserunt.
1561 2627 1661 2662 hoc
1687 2633 1731 2664 44

165 2700 298 2739 vitium,
325 2705 361 2732 ut
387 2698 563 2741 complura
589 2691 684 2730 alia
693 2698 851 2730 advorso'
877 2696 1045 2728 subicitur
1069 2704 1088 2726 a
1116 2692 1186 2727 Cic.
1216 2691 1288 2723 Inv.
1314 2690 1340 2728 I,
1364 2688 1422 2721 94.
1448 2684 1662 2717 —11.Cit.

167 2759 238 2792 inv,
268 2759 294 2797 1,
323 2756 388 2790 92:
430 2767 498 2790 non
524 2766 727 2790 concessum
759 2761 827 2795 est,
872 2764 975 2797 quom
1005 2753 1041 2785 id
1074 2751 1167 2793 quod
1196 2753 1341 2792 augetur
1374 2745 1460 2786 (noli
1484 2739 1662 2785 aiguitur'

167 2813 379 2859 corrigere),
409 2816 444 2846 in
475 2816 711 2848 controversia
735 2821 805 2854 est,
839 2820 875 2845 ut
901 2814 930 2846 si
957 2813 1034 2854 quis
1060 2821 1163 2853 quom
1187 2809 1325 2842 Ulixem
1353 2808 1506 2841 accuset,
1542 2802 1575 2832 in
1602 2800 1667 2832 hoe

168 2885 329 2908 maxume
354 2879 569 2906 conmoretur
600 2875 780 2917 indignum
814 2883 890 2905 esse
923 2872 965 2904 ab
992 2871 1131 2903 homine
1158 2866 1394 2910 ignavissumo
1421 2862 1533 2893 vuum
1552 2859 1668 2890 fontis-

147 2944 303 2968 -sumum
334 2932 476 2965 Aiacem
509 2925 690 2964 necatum'.
742 2932 885 2964 Aiistot.
912 2930 1012 2962 Rhet.
1041 2926 1216 2967 11,·24,4
1246 2921 1398 2966 appellat
1429 2919 1493 2951 hoc
1527 2911 1568 2949 τὸ
1594 2914 1669 2950 ὃει-
