1907 3166
224 1499 266 1532 37

224 1666 268 1697 38

293 160 376 202 260
938 160 964 195 N
981 160 1008 195 O
1021 159 1049 194 Τ
1062 161 1094 194 Α
1105 159 1145 195 Ε.

294 274 375 303 talia
401 272 551 303 audienti
579 271 609 301 in
639 271 764 300 incerto
792 269 953 300 iudicium
979 275 1050 307 est,
1084 269 1197 300 fatone
1228 278 1281 298 res
1308 266 1501 299 mortalium
1528 270 1560 297 et
1585 265 1785 298 necessitate

296 329 485 361 inmutabili
510 338 551 359 an
576 328 661 360 fortt¹
690 320 889 359 volvantur'.
942 327 1045 358 animi
1073 336 1178 358 eausa
1204 330 1318 367 repeto
1345 324 1477 356 Grnteri
1520 329 1650 356 notam:
1686 323 1785 354 lectio

289 383 523 420 ‘miscritatcm
550 392 605 417 ant
631 378 884 417 hunninitatcm'
904 396 984 415 sanc
1011 383 1256 416 contemnenda
1276 383 1425 414 minume
1445 382 1596 423 videtur,
1624 382 1692 413 imo
1713 391 1783 412 am-

295 446 473 488 plectenda
510 445 617 479 venit:
657 454 731 475 nam
769 444 848 484 qnid
882 444 979 475 1101115
1012 454 1086 474 cum
1119 442 1300 474 versibus?
1349 441 1436 473 alius
1471 441 1547 482 quis
1578 440 1674 482 ipsos
1703 447 1782 470 con-

293 510 420 535 stituat.

386 560 442 599 (13,
473 566 497 591 1.
524 560 564 591 id
592 559 728 601 magis
766 575 794 580 —
830 558 993 592 edocet.
1044 559 1093 589 sic
1131 557 1281 600 Spengel
1320 557 1407 588 1111110
1441 566 1575 588 versum
1600 554 1784 591 constituit,

293 621 392 653 codd,
422 629 508 650 nunc
534 618 634 660 plane
658 617 895 648 addicentibus
922 617 984 658 (it,
1014 617 1082 658 gvi.
1112 618 1196 647 λιιι.
1225 616 1327 655 18111,
1354 614 1453 656 910).
1520 619 1546 646 3.
1570 613 1655 645 haee
1676 605 1787 643 ‘nau-

294 678 435 721 fragio
469 687 487 707 11
500 687 617 717 cmpc
648 692 695 698 ——
728 667 906 717 optigit'
944 684 963 705 a
996 674 1185 706 Ribhcckio
1213 674 1343 705 abiecta
1371 678 1448 705 sunt
1473 677 1609 704 auctore
1635 670 1676 706 G.
1704 670 1787 702 Her-

293 747 435 777 manno,
475 734 636 767 adscribit
674 734 763 764 enim
792 727 1011 764 ‘scholiastae
1046 733 1233 763 dot-trinam
1270 742 1333 762 non
1367 730 1507 762 Pacuvii
1543 729 1664 772 poesin
1689 738 1786 771 prae-

293 801 382 827 stare
409 794 492 825 vidit
520 793 630 825 Herm.
659 791 746 833 Eph.
774 791 869 832 Lips.
900 790 999 825 1828,
1028 800 1061 823 n.
1095 789 1157 822 113
1185 782 1248 830 sq.’
1276 790 1455 832 (nimirum
1482 788 1532 819 1111
1559 797 1640 819 vera
1666 796 1786 818 versus

295 853 402 884 forma
428 851 576 883 nondum
602 851 737 891 cognita
764 848 841 889 fnit)
876 842 950 880 ‘scd
987 848 1187 880 Fleckeisen
1220 854 1390 888 tamqnam
1425 851 1546 888 poetae
1579 845 1683 877 verba
1709 854 1787 886 pro-

295 911 387 952 ponit
416 910 515 941 hacc:
554 908 734 949 naufragio
771 917 895 949 nempe
929 917 1010 948 crgo
1038 906 1073 937 id
1099 911 1281 942 structum,
1320 905 1402 936 hant
1429 904 1513 935 forte
1540 903 1675 936 fortuna
1700 902 1787 935 obti-

292 970 358 1011 gn,
395 972 579 1010 praecunte
600 959 698 997 ‘liant
727 965 812 997 forte
848 957 989 996 sortnna’
1020 964 1263 1006 Ondendorpio
1292 969 1322 993 ct
1350 954 1538 994 ‘structum'
1574 961 1786 993 Bezzenber-

290 1036 391 1068 gcro,
429 1035 505 1056 cum
537 1029 634 1055 antea
665 1023 879 1064 vulgaretur:
901 1014 1101 1063 ‘naufragio
1134 1032 1186 1053 res
1220 1022 1381 1063 contigit,
1423 1030 1545 1062 nempe
1585 1028 1665 1062 ergo
1695 1017 1786 1049 hand

293 1085 437 1116 Fortuna
463 1082 602 1123 obtigit,
621 1079 813 1111 Salmasius
842 1090 920 1111 vcro
947 1080 1069 1113 Exere.
1098 1079 1183 1111 Plin.
1211 1091 1244 1121 p.
1273 1079 1341 1111 873
1367 1079 1579 1121 scripsisset:
1606 1076 1785 1119 naufragio

294 1151 434 1183 nempe:
474 1150 553 1181 erga
586 1138 621 1169 id
646 1137 771 1168 sactum
799 1136 903 1176 sorte,
933 1137 1025 1168 haud
1058 1138 1189 1169 l'ortnna
1222 1130 1366 1179 obtigit’,
1418 1136 1651 1178 Oudendorpii
1675 1145 1784 1166 eorre-

292 1201 400 1232 ctiont·
426 1208 486 1229 nos
515 1206 648 1238 quoqne
671 1196 722 1226 usi
747 1205 886 1233 sumus,
913 1205 953 1226 ex
982 1194 1134 1226 7152ω2λ12
1155 1188 1282 1226 ‘fluctu'
1307 1195 1538 1237 sumpsimus,
1565 1199 1596 1226 et
1613 1194 1785 1236 iungendo

289 1252 427 1289 ‘factust
453 1255 630 1287 mendicus
671 1253 770 1284 modo
798 1245 986 1294 naufragio’
1013 1252 1203 1285 faciliorem
1227 1258 1431 1284 structuram
1459 1257 1490 1284 et
1514 1253 1625 1295 magis
1650 1257 1786 1284 natura-

295 1317 359 1348 lem
386 1315 614 1346 reddidinms:
642 1313 691 1344 sic
718 1312 807 1343 enim
828 1305 966 1354 ‘nempe
992 1304 1095 1354 ergo',
1125 1318 1158 1342 nt
1184 1311 1288 1349 solet,
1316 1311 1492 1343 exorditur
1516 1312 1736 1343 enuntiatum.

294 1380 321 1406 7.
351 1373 492 1405 factus
520 1377 638 1403 esset
663 1370 847 1412 respondet
872 1370 1064 1401 Pacuviano
1086 1363 1227 1402 ‘factust
1252 1364 1454 1404 mendicus'.
1506 1370 1597 1410 quod
1623 1379 1687 1401 11011
1713 1369 1784 1400 ani-

294 1431 566 1467 madverteimnt,
594 1429 650 1469 qui
675 1428 916 1470 praeferebant
943 1428 1120 1460 lectionem
1147 1428 1246 1459 codd.
1274 1427 1403 1460 (Il40032
1429 1428 1534 1460 fieret.

387 1489 443 1525 64,
470 1494 499 1518 2.
527 1493 706 1527 utrumque
733 1486 890 1517 vitiorum
912 1496 1039 1528 genus,
1068 1486 1131 1517 hoe
1158 1491 1189 1517 ct
1215 1486 1304 1526 quod
1332 1485 1396 1525 63,
1424 1487 1443 1519 7
1471 1491 1624 1524 notatur,
1665 1488 1784 1516 tractat

296 1548 365 1580 Cic,
397 1547 466 1577 inv.
496 1546 528 1586 I,
563 1544 607 1579 95
634 1544 752 1575 eodem
779 1554 913 1584 quoque
940 1545 1115 1585 utriusque
1143 1544 1302 1586 exemplo
1329 1555 1422 1577 usus.
1520 1550 1547 1576 9.
1575 1544 1672 1581 ratio,
1698 1552 1784 1583 quae

294 1605 346 1636 vei
371 1604 428 1635 alii
456 1602 662 1644 expositioni
689 1607 799 1644 potest
826 1602 1090 1641 accommodari,
1117 1612 1136 1633 a
1153 1602 1314 1634 Cicerone
1343 1602 1493 1644 volgaris
1518 1602 1711 1644 appellatur
1737 1600 1781 1632 cf.

296 1664 320 1702 l,
347 1662 395 1694 90
420 1667 451 1692 et
478 1662 591 1702 ipsum
615 1660 816 1701 scriptorem
844 1660 868 1698 Ι,
900 1660 937 1691 11
966 1660 1039 1702 (ll,
1070 1659 1143 1701 18).
1172 1678 1218 1681 —-
1267 1667 1310 1691 17.
1339 1665 1512 1692 utuntur
1537 1660 1673 1701 igitur
1699 1664 1783 1691 stn-

294 1719 420 1751 diosi.
474 1728 517 1749 ex
550 1728 614 1749 usn
647 1717 803 1748 vocabuli
832 1710 1002 1748 ‘studiosi’
1037 1717 1147 1758 (quod
1173 1718 1236 1749 hae
1269 1718 1517 1760 significatione
1541 1723 1624 1760 aput
1649 1716 1782 1749 Cicero-

294 1787 369 1808 nem
398 1776 547 1807 nondum
573 1774 761 1817 invenitur)
793 1788 839 1804 =
870 1775 1065 1807 scholastici
1105 1776 1270 1807 conclusit
1300 1777 1414 1808 neseio
1442 1777 1518 1816 quis
1544 1776 1633 1807 hune
1658 1775 1781 1806 librum

291 1835 512 1866 recentiorem
545 1832 706 1865 Cicerone
738 1844 826 1866 esse.
884 1844 922 1865 ae
957 1839 1045 1866 reete
1072 1834 1209 1874 quidem
1234 1835 1368 1866 Ernesti
1401 1835 1503 1867 lexic.
1531 1834 1677 1866 technol.
1703 1834 1779 1867 Lat.

291 1891 376 1923 rhet.
401 1903 428 1923 s.
457 1901 488 1922 v.
526 1891 590 1921 ait:
623 1884 853 1931 ‘eloquentiae
882 1891 1047 1930 cultores,
1089 1903 1175 1933 quos
1211 1892 1328 1925 Cicero
1356 1893 1492 1925 dicendi
1521 1893 1694 1926 studiosos
1721 1903 1781 1935 ap-

289 1949 418 1991 pellare
444 1947 547 1986 solet,
576 1948 704 1979 seriore
730 1953 838 1979 aetate
867 1948 1070 1990 simpliciter
1096 1954 1127 1980 01
1152 1950 1230 1980 κατ’
1259 1943 1398 1992 ἐξοχὴν
1422 1951 1570 1984 studiosi
1597 1951 1678 1983 dieti
1704 1956 1781 1984 sunt

288 2025 331 2027 —
358 2007 407 2038 sic
431 2010 519 2037 auct.
547 2005 692 2036 Herenn.
721 2006 771 2045 II,
799 2006 856 2037 ⁶24.
893 2006 974 2040 dial.
1003 2007 1044 2038 de
1078 2013 1174 2041 oratt.
1212 2019 1241 2040 0.
1275 2000 1341 2040 21’.
1399 2014 1432 2040 at
1457 2019 1518 2042 nos
1542 2009 1655 2052 potins
1681 2019 1780 2050 quam

287 2069 393 2095 totum
419 2069 589 2096 auctorem
614 2063 679 2095 1100
702 2063 970 2096 additamentum
993 2066 1113 2097 seriori
1137 2065 1188 2097 illi
1213 2067 1313 2098 aetati
1339 2067 1539 2110 tribuemus,
1567 2078 1654 2108 quae
1680 2069 1781 2099 etiam

287 2122 525 2163 imperatorem
546 2123 572 2161 l,
600 2123 644 2153 24
673 2121 751 2164 (23,
777 2120 817 2164 4)
844 2123 997 2154 inseruit.
1043 2117 1223 2156 ‘studiose'
1251 2125 1396 2157 otiosum
1417 2123 1473 2158 1110
1493 2131 1524 2157 01
1541 2126 1694 2168 ineptum
1716 2132 1777 2158 est.

288 2185 332 2211 19.
368 2180 532 2211 iniuria
564 2190 638 2222 aps
671 2185 710 2212 te
743 2180 948 2215 adficior.
1007 2181 1111 2213 verba
1145 2188 1222 2214 511111
1247 2183 1407 2226 Meropae
1431 2194 1474 2215 ex
1505 2184 1658 2216 Enniana
1682 2183 1780 2216 Cres-

286 2237 411 2278 phonte
438 2238 559 2279 petita,
596 2239 718 2278 quibus
751 2238 811 2270 illa
842 2239 1025 2281 compellat
1057 2246 1189 2281 patrem
1215 2240 1412 2282 Cypselum.
1462 2241 1649 2273 seeundum
1672 2242 1780 2284 Hygi-

286 2306 365 2326 num
392 2295 460 2328 sab.
492 2294 558 2327 184
583 2296 817 2338 Polyphontes
844 2296 948 2328 fratre
981 2297 1192 2340 Cresphonte
1219 2298 1396 2330 interfecto
1430 2299 1503 2330 eius
1537 2309 1678 2331 uxorem
1707 2300 1778 2332 Me-

284 2362 401 2396 ropam
429 2354 592 2391 duxerat;
627 2364 669 2384 ex
701 2353 766 2385 hoe
800 2360 868 2386 tam
900 2355 1050 2388 infausto
1084 2356 1244 2399 coniugio
1271 2362 1368 2399 pater
1390 2357 1495 2389 filiam
1521 2358 1692 2390 abducere
1715 2369 1775 2401 pa-

284 2411 378 2442 rabat
404 2416 484 2453 aput
512 2411 674 2449 Ennium,
709 2413 786 2454 ipsa
810 2413 850 2444 ad
888 2414 1039 2456 speeiem
1062 2414 1222 2446 simulata
1245 2414 1312 2447 fide
1346 2416 1568 2458 repugnabat.
1620 2417 1778 2448 videntur

284 2472 395 2498 autem
420 2469 559 2499 nomina
582 2469 782 2502 maritorum
806 2476 932 2502 mutata
957 2471 1067 2504 fuisse
1096 2473 1129 2503 in
1155 2473 1275 2505 Latina
1301 2474 1496 2516 tragoedia,
1523 2480 1557 2506 nt
1583 2473 1775 2516 Cresphon-

283 2530 333 2556 tes
356 2525 525 2566 posterior
549 2525 665 2558 fuerit.
723 2527 768 2562 cf.
805 2538 891 2569 quae
923 2529 1078 2561 Ribbeck
1104 2530 1171 2563 265
1197 2542 1270 2572 sqq,
1304 2531 1435 2574 profert
1460 2537 1577 2563 contra
1600 2521 1774 2563 'Wetekeri

283 2583 510 2613 coniecturam
541 2582 662 2625 (Trag.
691 2583 796 2625 828),
828 2591 910 2628 aput
941 2587 1086 2618 Ennium
1119 2588 1172 2619 bis
1197 2588 1446 2630 Polyphontem
1473 2589 1655 2632 legendum
1681 2601 1769 2624 esse.

282 2639 346 2670 liae
372 2639 501 2681 duplici
535 2640 798 2682 reprehensione
833 2642 1031 2674 Ciceronem
1065 2654 1167 2686 saepe
1200 2656 1298 2677 11511111
1330 2647 1503 2685 invenias,
1543 2646 1587 2679 cf,
1611 2657 1646 2689 p.
1675 2647 1767 2681 Cael.

283 2696 339 2733 50,
364 2698 427 2737 52,
455 2697 517 2735 58,
543 2709 578 2740 p.
607 2699 692 2733 Rau).
723 2700 811 2731 Post.
839 2700 902 2739 35,
936 2711 969 2742 p.
998 2702 1073 2744 Lig.
1102 2702 1158 2734 29.
1208 2708 1327 2734 tractat
1352 2704 1439 2736 hane
1465 2704 1646 2737 refellendi
1670 2707 1772 2737 ratio-

286 2764 361 2786 nem
390 2755 545 2796 pluribus
569 2757 641 2787 lnv.
670 2758 698 2792 Ι,
732 2756 789 2795 83,
822 2768 874 2798 sq.
907 2758 973 2789 alio
1001 2759 1152 2790 adhibito
1186 2761 1361 2803 exemplo,
1389 2763 1479 2802 quod
1507 2763 1633 2796 Cornif.
1661 2763 1769 2803 affert,

285 2813 341 2844 ubi
368 2814 614 2846 inconstantiae
640 2815 759 2846 vitium
785 2816 1010 2855 demonstrat,
1037 2818 1079 2855 ΙΙ,
1107 2819 1165 2853 42.

376 2870 432 2909 65,
461 2879 485 2904 5.
515 2872 634 2904 nulla
660 2889 706 2896 -·
730 2873 1024 2906 incommodis
1059 2876 1227 2908 immerito
1256 2886 1317 2919 pro
1350 2877 1512 2911 Ennianis
1547 2878 1666 2911 haberi
1690 2888 1770 2921 pro—
