1923 3182
143 183 190 227 V,
211 183 274 218 Vl.
291 185 326 227 8,
349 186 384 221 9.
626 183 691 220 AD
723 182 764 219 C.
799 184 1083 220 HERENNIL'M
1117 184 1159 219 ΙΙ.
1589 180 1646 221 35

141 294 239 344 quid
269 294 348 334 sibi
379 301 494 334 esset
522 307 602 335 usu
643 296 884 343 venturum,
930 302 992 349 ut»
1013 296 1387 336 confidentissume
1419 296 1646 339 resisteret.

140 364 439 414 responderet:
483 375 591 414 quae
630 364 749 415 signa
789 365 1088 413 confidentiae,
1134 377 1217 404 non
1255 365 1518 405 innocentiae
1551 366 1645 405 sint.

139 432 359 481 defensor,
387 433 422 473 si
446 433 725 484 pertimuerit,
754 434 1038 484 magnitudine
1066 434 1260 485 periculi,
1286 446 1368 474 non
1389 434 1648 482 conscientia

140 501 301 550 peccati
337 513 384 541 se
427 508 670 543 conmotum
699 514 795 543 esse
826 503 958 551 ‹licet;
1000 504 1035 543 si
1067 516 1150 544 non
1184 503 1461 554 pertimuerit,
1495 505 1645 544 fretum

137 569 376 610 innocentia
405 571 574 621 negabit
605 583 702 611 esse
734 577 991 612 conmotum.
1664 580 1681 603 ⁵

194 639 457 690 Adprobatio
491 645 567 687 est,
598 651 681 690 qua
707 640 861 680 utimur
891 642 944 680 ad
967 647 1200 681 extremum
1234 642 1480 681 confirmata
1505 642 1699 693 suspi-Vl
1717 652 1738 683 9

138 709 264 748 tione.
297 720 347 748 ea
379 709 503 749 habet
533 710 652 749 locos
684 710 880 760 proprios
913 716 1039 760 atque
1062 722 1323 750 communes.
1358 711 1515 761 proprii
1536 717 1646 759 sunt,

138 778 304 828 quibus,
337 777 416 818 nisi
432 785 669 827 accusator,
697 790 820 819 nemo
839 785 979 830 potest
996 780 1066 828 uti,
1101 785 1142 819 ct
1158 780 1309 830 quibus
1333 779 1411 819 nisi
1433 781 1646 827 defensor,

136 859 260 888 nemo
292 852 435 898 potest
464 847 537 887 uti.
600 859 846 889 communes
879 854 1001 898 sunt,
1050 849 1119 899 qui
1147 850 1225 888 alia
1252 849 1290 888 in
1324 860 1452 888 causa
1475 850 1525 887 ab
1558 860 1646 896 reo,

135 917 215 956 alia
246 917 298 956 ab
330 922 580 957 accusatore
611 922 855 957 tractantur.
918 918 956 957 in
993 929 1122 958 causa
1149 918 1422 958 coniecturali
1448 917 1645 968 proprius
1671 932 1700 957 ιιι

136 989 254 1027 iocus
267 986 527 1027 accusatoris
539 991 622 1035 est,
649 998 776 1037 quom
796 986 1110 1027 dicitmalorum
1129 987 1317 1027 misereri
1340 999 1423 1027 non
1449 992 1646 1037 oportere

137 1062 178 1096 et
200 1068 328 1107 quom
360 1062 486 1106 auget
518 1056 680 1107 peccati
712 1056 997 1103 atrocitatem;
1032 1057 1269 1096 defensoris
1303 1057 1501 1107 proprius
1528 1057 1646 1096 locus

135 1131 218 1174 est,
251 1138 378 1176 quom
401 1125 731 1166 misericordiam
765 1131 906 1177 captat
935 1131 976 1166 et
1008 1138 1134 1177 quom
1167 1132 1459 1166 accusatorem
1492 1128 1645 1165 calum-

134 1195 238 1235 niari
271 1194 523 1234 criminatur.
587 1206 832 1235 communes
866 1195 946 1235 loci
979 1201 1077 1235 sunt
1109 1208 1235 1245 quom
1264 1195 1524 1235 accusatoris
1557 1201 1643 1235 tum

134 1264 370 1304 defensoris
404 1264 456 1302 ab
484 1264 659 1304 testibus
694 1269 841 1304 contra
872 1270 1017 1312 testes,
1052 1276 1128 1315 aps
1153 1264 1473 1314 quaestionibus
1497 1269 1642 1303 contra
1668 1272 1696 1297 ¹⁵

135 1332 426 1383 quaestiones,
469 1333 520 1372 ab
547 1333 803 1383 argumentis
839 1339 985 1373 contra
1017 1338 1281 1382 argumenta,
1325 1334 1376 1371 ab
1407 1332 1644 1372 rumoribus

135 1406 282 1442 contra
313 1413 522 1442 rumores.

230 1529 260 1564 l.
284 1539 349 1561 usu
374 1535 464 1561 esset
493 1539 512 1561 c
548 1529 627 1560 usui
662 1529 776 1560 nivo³v
874 1536 1075 1560 eventurum
1113 1529 1204 1570 7=I³9¹
1309 1529 1518 1561 confidenter
1552 1528 1645 1560 l²vo³

133 1588 424 1621 confidentissime
447 1593 478 1619 et
505 1593 698 1619 constanter
726 1587 866 1628 Ιῑυοῑρ1
909 1588 1111 1619 confidentis
1139 1600 1175 1619 se
1205 1596 1393 1620 merenster
1419 1595 1449 1620 et
1480 1598 1572 1630 resp,
1599 1587 1638 1618 111

131 1647 212 1691 (sie)
238 1653 270 1679 et
296 1646 431 1678 fortiter
457 1646 538 1678 add.
563 1645 605 1677 71²
637 1647 812 1678 resisteret
840 1647 1062 1689 responderet
1091 1657 1162 1688 epn
1195 1649 1369 1679 resisteret
1393 1654 1423 1678 et
1451 1647 1637 1689 responde—

132 1713 182 1739 ret
204 1704 400 1748 μΙς,2,ἰ2υο3
432 1706 596 1737 resistens
631 1705 856 1748 responderet
886 1716 908 1742 ς
1005 1707 1039 1738 2.
1067 1707 1168 1748 signa
1192 1707 1422 1737 conscientiae
1446 1715 1474 1746 φ
1572 1707 1638 1737 sint

130 1765 365 1806 hepntl¹vo¹b
391 1771 468 1796 sunt
495 1774 518 1800 ς
616 1764 647 1797 3.
673 1764 794 1807 pericii
818 1765 843 1806 f
908 1774 973 1796 non
1001 1765 1146 1796 scientia
1170 1765 1209 1795 71¹
1243 1766 1474 1796 conscientiae
1502 1771 1642 1807 peccato

90 1860 94 1864 ⁴
127 1823 299 1866 p¹y1²a¹f
321 1824 554 1856 conscientiae
576 1824 708 1866 peccati
737 1823 802 1855 a²v
908 1826 936 1855 4.
967 1834 1082 1856 secum
1110 1831 1239 1856 motum
1264 1824 1371 1856 fuisse
1399 1834 1417 1855 e
1513 1835 1549 1855 se
1573 1834 1641 1855 om.

128 1884 169 1926 fr
242 1881 356 1916 'dicat
389 1884 414 1914 d
509 1882 562 1915 fr:
587 1883 802 1915 innocentiae
827 1895 847 1914 η
944 1885 978 1916 ὅ.
1007 1884 1152 1926 adprob.
1182 1893 1207 1925 μ
1305 1894 1381 1915 cum
1407 1884 1504 1914 firma
1530 1895 1550 1915 r

132 1960 165 1992 7.
191 1959 278 1992 haec
310 1959 482 2002 (supi-asc.
501 1951 583 2000 ‘ea')
606 1968 631 1999 p
728 1934 764 1990 eta
786 1969 811 2000 μ
850 1957 931 2001 (sic)
1030 1959 1162 2001 proprii
1191 1965 1269 1990 sunt
1301 1959 1367 1990 loci
1390 1959 1442 1990 (ΖΗ
1482 1969 1535 2002 pr.
1565 1966 1643 1990 sunt

131 2028 168 2061 hi
203 2029 329 2070 quibus
357 2029 425 2060 nisi
449 2034 628 2060 accusator
653 2039 753 2060 nemo
788 2036 899 2071 potest
935 2030 984 2060 uti
1012 2035 1042 2060 et
1078 2028 1114 2060 hi
1144 2028 1268 2069 quib-ns
1294 2029 1359 2060 nisi
1386 2028 1548 2060 defensor
1576 2040 1641 2061 non

132 2093 245 2130 potest
281 2088 331 2119 uti
362 2087 686 2129 pnf²a⁴²l¹³⁴vo¹³v
726 2098 779 2130 pr.
806 2094 884 2119 sunt
909 2095 977 2119 tres
1003 2088 1128 2128 quibus
1156 2098 1189 2121 n.
1216 2098 1246 2119 a.
1276 2097 1308 2121 n.
1335 2098 1370 2129 p.
1395 2088 1443 2118 uti
1469 2093 1500 2118 et
1526 2087 1580 2118 his
1608 2098 1639 2128 q.

1270 2135 1327 2154 sunt

131 2173 167 2198 n.
193 2174 225 2196 a.
254 2173 288 2195 n.
316 2173 352 2206 p.
380 2164 430 2195 uti
455 2163 475 2195 Ie
517 2173 569 2206 pr.
596 2168 674 2195 suut
698 2163 822 2204 quibus
848 2173 882 2197 n.
906 2172 937 2193 a.
967 2173 1000 2195 n.
1028 2173 1063 2205 p.
1090 2173 1123 2194 u.
1157 2168 1187 2194 et
1215 2162 1269 2193 his
1340 2164 1464 2203 quibus
1488 2173 1520 2196 n.
1540 2163 1574 2197 d.
1604 2173 1638 2194 ιι.

131 2243 168 2276 p.
197 2233 246 2265 uti
271 2243 298 2275 μ
332 2233 413 2275 (sic)
438 2244 493 2276 pr.
522 2239 599 2266 sunt
626 2234 752 2275 quibus
776 2244 810 2266 n.
839 2243 871 2264 a.
902 2243 934 2265 n.
959 2243 993 2274 p.
1028 2233 1077 2263 uti
1101 2241 1300 2263 communes
1326 2239 1404 2264 sunt
1432 2234 1489 2273 qui
1516 2233 1584 2264 alia
1607 2234 1641 2264 in

132 2301 236 2324 causa
257 2292 299 2324 ab
327 2302 367 2324 eo
391 2298 422 2324 et
447 2292 484 2324 hi
512 2303 544 2333 q.
570 2303 603 2323 11.
633 2293 666 2324 d.
695 2302 729 2327 n,
760 2302 795 2334 p.
823 2292 872 2322 uti
899 2300 1098 2322 communes
1126 2296 1205 2321 sunt
1232 2296 1297 2322 etc.
1326 2302 1344 2322 e
1395 2301 1446 2333 pr.
1476 2297 1554 2323 sunt
1581 2302 1638 2332 qu,

130 2359 164 2381 11.
194 2359 226 2384 a.
251 2360 350 2382 nemo
376 2352 425 2383 uti
451 2356 564 2394 potest
590 2357 622 2383 et
647 2352 671 2383 ii
693 2362 724 2391 q.
755 2361 788 2382 n.
815 2350 850 2382 d.
877 2350 926 2381 uti
952 2359 1019 2381 non
1041 2355 1154 2391 potest
1181 2359 1209 2390 φ
1236 2359 1288 2391 pr.
1318 2356 1395 2380 sunt
1422 2350 1546 2390 quibus
1574 2351 1641 2382 nisi

132 2418 202 2442 acc.
234 2419 334 2441 nemo
372 2415 486 2452 potest
516 2411 566 2441 uti
596 2416 627 2442 et
661 2409 698 2441 hi
732 2402 824 2451 (hii’
853 2407 888 2449 c)
937 2409 1061 2449 quibus
1083 2409 1150 2439 nisi
1178 2408 1248 2440 def.
1275 2408 1369 2448 (cett.
1398 2396 1486 2447 omi]
1513 2406 1635 2450 cb3‚91

130 2465 198 2509 (pr.
213 2466 360 2509 m.),9²³
381 2478 434 2510 pr.
463 2474 539 2500 sunt
560 2469 584 2500 ii
610 2468 734 2508 quibus
758 2468 824 2499 nisi
850 2477 921 2499 acc.
953 2472 985 2498 et
1010 2467 1036 2498 ii
1064 2466 1188 2507 quibus
1215 2467 1282 2498 nisi
1303 2467 1373 2498 def.
1403 2477 1502 2499 nemo
1529 2473 1643 2510 potest

130 2526 237 2564 mir,
272 2525 394 2560 Lamb.
431 2537 484 2569 pr.
510 2533 588 2559 sunt
615 2527 651 2559 hi
671 2527 795 2568 quibus
817 2527 883 2558 nisi
914 2536 986 2558 acc.
1021 2536 1056 2557 u.
1085 2536 1122 2568 p.
1147 2535 1184 2559 u.
1211 2535 1229 2556 c
1262 2526 1299 2558 hi
1332 2536 1365 2566 q.
1403 2536 1436 2557 n.
1471 2525 1540 2557 def.
1573 2536 1639 2558 non
1688 2558 1693 2562 ,

132 2589 245 2626 potest
271 2585 321 2615 uti
350 2594 451 2617 nemo
478 2591 592 2628 potest
619 2587 668 2617 uti
693 2586 718 2617 d
753 2595 807 2628 pr.
841 2590 920 2617 sunt
943 2594 1088 2626 quorum
1115 2583 1231 2625 aliqu'o
1261 2594 1361 2616 nemo
1398 2585 1464 2616 nisi
1489 2594 1559 2616 acc.
1591 2585 1640 2615 uti

132 2646 256 2683 potest,
287 2643 369 2675 item
400 2644 526 2684 quibus
553 2645 621 2676 nisi
644 2644 714 2677 def.
740 2654 806 2676 non
832 2650 945 2687 potest
969 2645 1019 2675 uti
1040 2644 1072 2676 Ζ2
1108 2654 1161 2686 pr.
1189 2648 1267 2675 sunt
1291 2642 1327 2674 hi
1353 2653 1409 2683 qn.
1438 2653 1471 2676 n.
1501 2653 1572 2674 acc.
1602 2653 1637 2674 n.

134 2710 169 2742 p.
190 2701 240 2732 uti
261 2700 356 2741 (cett.
383 2702 468 2745 om.)
493 2703 572 2745 a¹f¹
648 2702 684 2738 9.
712 2703 781 2735 alia
806 2713 909 2735 causa
935 2703 990 2735 ‘00³
1016 2702 1058 2734 ab
1079 2712 1136 2734 reo
1163 2702 1234 2733 alia
1253 2702 1288 2733 in
1314 2711 1419 2733 causa
1445 2701 1486 2732 ab
1509 2711 1580 2732 acc.
1606 2702 1634 2732 l¹

137 2756 192 2792 10.
216 2758 281 2790 loc.
308 2765 359 2791 est
385 2770 456 2793 acc.
477 2771 527 2803 οφ
650 2762 706 2796 12.
730 2766 793 2795 atr.
821 2771 918 2804 pecc.
946 2760 1039 2802 ro³q>
1067 2759 1149 2791 facti
1175 2765 1239 2791 atr.
1259 2769 1280 2801 χ
1388 2758 1453 2790 loc.
1483 2764 1533 2790 est
1559 2767 1638 2799 pro-

135 2825 188 2857 ΡΥ·
214 2825 244 2857 φ
342 2816 397 2850 13.
425 2820 540 2863 capiat
558 2819 579 2851 Ῐι
687 2819 859 2862 calumpn.
887 2818 1022 2861 51209123
1133 2818 1187 2851 14.
1211 2817 1412 2860 indignatur
1436 2826 1458 2846 κ
1566 2821 1636 2846 tum

135 2883 205 2905 acc.
230 2879 274 2917 tq)
347 2875 402 2912 15.
431 2877 473 2908 ab
494 2882 573 2911 test.
600 2877 849 2920 heptzlvo¹9¹³
874 2878 936 2909 abs
958 2881 1035 2909 test.
1059 2885 1114 2917 pn:
1180 2880 1303 2907 testem
1327 2873 1348 2904 lz
1421 2873 1482 2904 abs
1503 2876 1635 2911 quaest.

127 2931 207 2972 Ρῐπ
235 2932 277 2964 ab
304 2940 434 2973 quaest.
460 2936 703 2977 ep²paftl²vo¹
742 2946 763 2967 a
785 2941 896 2976 quest.
923 2936 943 2966 h
1051 2933 1105 2965 16.
1130 2934 1172 2964 ab
1199 2943 1286 2966 rum.
1297 2929 1594 3016 gzipaftl'ssvffiol
