1923 3182
787 159 992 197 NOTAE.
1560 126 1646 195 22⁵9

130 272 298 305 adscribit
324 271 492 314 syrianus
518 272 576 304 IV.
604 272 692 307 264.
730 272 772 304 lo
804 265 1043 314 ὡμολόγηται
1069 289 1114 293 -
1139 264 1190 307 ὡς
1218 262 1288 302 οὐκ
1315 262 1363 301 ἂν
1387 268 1547 311 συσταίη
1576 278 1642 300 πο-

132 329 270 369 λιτεία,
297 323 338 362 ἒν
365 320 389 373 ᾗ
415 322 528 370 φύσει
564 322 733 362 ἐναντίοι
761 323 938 372 ἀλλήλοις
970 325 1067 362 εἰσὶν
1096 324 1136 360 οἷ
1163 323 1298 370 νόμοι·
1341 329 1423 366 πῶς
1449 322 1520 370 γὰρ
1547 321 1643 360 κατὰ

130 382 198 421 τὸν
231 383 468 431 Δημοσθένη
501 381 547 419 τὰ
578 381 676 420 αὐτοὶ
710 382 825 429 κύρια
857 384 919 419 καὶ
953 382 1003 430 μὴ
1037 382 1152 428 κύριοί
1178 381 1280 419 ἐστιν
1311 380 1462 428 εὑρεῖν,
1506 382 1541 418 εἰ
1573 380 1643 429 γὰρ

130 440 307 490 ἑκάτερος
332 444 409 479 τῶν
435 439 724 488 ἀγωνιζομένων
751 441 818 479 τὸν
846 440 1023 478 ἐναντίον
1050 442 1280 487 προΐσχηται
1309 446 1371 489 (sc,
1403 441 1644 487 προΐσχεται)

129 500 262 548 νόμον,
289 498 360 547 οὐχ
382 498 469 536 οἷόν
494 513 532 536 τε
556 490 646 541 τὀὐς
671 499 852 542 δικαστὰς
874 497 1038 545 εὔορκον
1062 499 1206 535 θέσθαι
1234 499 1305 547 τὴν
1328 501 1478 545 ψῆφον.
1533 503 1644 536 locum

129 575 171 597 ex
207 565 359 598 oratione
389 563 570 607 deperdita
613 564 739 606 respici
786 564 983 606 suspicatur
1015 562 1136 594 Xanz.
1184 563 1282 595 nobis
1327 564 1495 603 Syl-ianus
1545 562 1643 605 lapsu

128 623 252 655 calami
279 627 336 654 aut
363 621 549 654 memoriae
576 620 713 652 videtur
738 615 975 662 Δημοσθένη
998 630 1058 662 pro
1080 615 1266 661 Αἰσχίνην
1291 621 1486 663 scripsisse.
1515 619 1558 652 cf.
1588 620 1643 658 Ill,

129 682 173 715 37
200 692 252 723 sq.
285 681 349 713 etsi
376 678 552 713 Demosth.
584 689 721 720 quoquc
745 678 864 716 docet,
909 688 969 709 cnr
1004 679 1194 709 contrariae
1222 678 1316 721 leg-*s
1353 679 1433 710 l'erri
1474 683 1643 718 nequeant

129 740 260 778 XXIV,
285 738 350 778 34,
377 738 438 777 62,
465 736 524 770 64.
561 754 609 759 —
657 744 685 769 6.
715 737 753 768 in
782 736 991 768 contione
1027 742 1243 768 oratorem
1274 737 1440 769 habere
1474 736 1519 770 cf.
1556 736 1640 768 Rein

131 798 234 832 Crim.
258 798 292 831 d.
315 798 355 830 R.
378 807 413 840 p.
436 794 525 834 623;
554 795 596 827 de
625 805 795 838 augurum
824 795 1058 826 nominatione
1081 794 1232 835 loquitur
1251 795 1321 827 Cic.
1344 794 1431 826 Phil.
1456 795 1498 830 ΙΙ,
1517 796 1550 828 4.
1572 795 1639 838 leg.

128 867 202 900 agr.
227 857 270 893 11.
294 856 349 893 18,
368 855 463 888 Brut.
489 854 520 886 1.
538 871 584 876 —
636 859 680 885 11.
700 864 767 885 res
796 854 836 886 in
864 863 986 885 unam
1016 853 1282 885 sententiam
1306 853 1472 895 scripta
1490 871 1537 876 —-
1559 854 1641 896 sig-

130 913 289 946 nificat
319 918 403 956 aput
428 911 498 945 Cic.
531 912 600 943 lnv.
635 912 676 947 11.
706 910 773 943 116
804 916 1014 943 contractum
1044 910 1112 941 sic:
1142 903 1200 942 ‘ex
1227 910 1391 954 ambiguo
1418 930 1464 934 —
1491 913 1643 944 nascitur

129 972 384 1010 controversia,
409 981 512 1012 quom
541 970 624 1011 quid
641 969 788 1002 senserit
806 969 972 1012 scriptor,
1004 968 1187 1001 obscurum
1207 980 1249 1001 ex
1272 980 1331 1005 eo,
1362 970 1453 1011 ιμιοιΙ
1470 971 1636 1013 scriptum

128 1030 214 1063 duas
236 1030 391 1073 pluvisve
417 1038 471 1061 res
497 1027 694 1071 significat.'
755 1028 870 1069 itaque
891 1020 1084 1070 ‘scriptum'
1114 1034 1228 1059 nostro
1257 1028 1331 1060 loco
1358 1028 1452 1061 illinc
1479 1029 1511 1061 in
1539 1036 1638 1072 optu-

128 1089 194 1121 mis
221 1089 320 1121 libris
350 1087 527 1125 adhaesit;
568 1086 697 1119 Schiitz
728 1096 809 1119 vero
842 1086 1021 1119 offendens
1049 1087 1081 1117 in
1110 1098 1164 1121 re.
1203 1097 1290 1128 quac
1317 1088 1504 1119 sententias
1529 1089 1638 1131 signi-

128 1148 224 1187 ficet,
243 1148 342 1180 ulcus
359 1155 501 1179 sanasse
517 1145 583 1178 sihi
600 1145 782 1177 videbatur
807 1145 1031 1189 corrigendo:
1055 1137 1105 1176 ‘re
1132 1145 1165 1175 in
1192 1155 1294 1176 unam
1315 1163 1358 1168 —
1373 1165 1420 1170 —
1446 1147 1638 1189 scripturn',

129 1215 195 1238 non
222 1205 280 1238 ille
306 1205 515 1243 admiratus,
549 1203 769 1236 Cornificium
802 1203 918 1234 dicere
954 1203 1012 1236 lv,
1045 1202 1089 1235 67
1118 1195 1342 1246 ‘significatio
1369 1210 1419 1236 est
1447 1216 1519 1243 res,
1554 1216 1642 1247 quae

130 1264 210 1308 plns
239 1265 273 1296 in
311 1263 503 1307 suspitione
541 1262 701 1303 relinquit
736 1271 837 1302 quain
866 1262 1016 1304 positum
1053 1267 1102 1293 est
1130 1262 1163 1293 in
1193 1263 1372 1294 orations-ff
1423 1257 1640 1306 paritet-‘res

127 1324 160 1356 in
188 1333 291 1355 unani
317 1322 522 1355 sententiam
547 1321 688 1364 scripta’
717 1321 1008 1362 est=scriptum
1038 1321 1070 1351 in
1098 1331 1199 1353 unam
1225 1322 1441 1353 sententiam.
1497 1322 1640 1355 12.l10c

128 1381 265 1414 ni‘odo.
313 1380 512 1424 exemplum
545 1380 638 1412 idem
672 1379 846 1411 invenitur
879 1385 962 1420 aput
999 1379 1068 1410 Cic.
1108 1378 1129 1409 Ι.
1160 1392 1188 1410 c.
1220 1380 1395 1422 argutior-a
1426 1381 1524 1413 offert
1556 1382 1640 1414 Her-

126 1449 218 1483 mog.
247 1448 287 1471 π.
316 1447 421 1474 στασ.
451 1439 508 1478 15,
534 1438 580 1471 63
607 1443 638 1470 et
671 1436 806 1469 scholia
837 1437 896 1475 lv,
931 1437 1011 1472 27-1,
1039 1437 1120 1470 843.
1150 1456 1196 1461 —-
1250 1444 1291 1469 13.
1322 1439 1637 1481 impudentissuma

127 1498 392 1541 interpolatione
417 1497 548 1530 factum
582 1503 631 1528 est
657 1495 838 1528 Tullius
877 1505 919 1527 ex
954 1495 1085 1527 filius
1119 1502 1149 1528 et
1184 1498 1282 1529 uxori
1318 1506 1439 1529 nomen
1474 1498 1639 1530 Teren-

113 1190 127 1206 O

127 1557 214 1589 tiae
241 1556 417 1594 additum,
444 1566 484 1589 eo
511 1556 636 1598 opinor
660 1554 824 1589 consilio,
853 1559 887 1585 ut
912 1554 1040 1585 indocti
1066 1564 1141 1586 esse
1169 1555 1344 1587 Ciceronis
1371 1555 1496 1587 librum
1523 1556 1555 1588 ei
1579 1557 1641 1588 tri-

127 1615 246 1647 butum
277 1615 417 1648 facilius
449 1614 627 1646 crederent
661 1612 891 1656 cupidiusquc
925 1620 1088 1644 emerent.
1155 1619 1187 1644 at
1218 1613 1274 1645 hic
1306 1615 1453 1657 scriptor
1485 1616 1518 1646 in
1551 1614 1640 1648 fictis

127 1674 242 1707 causis
267 1674 408 1707 nomina
431 1683 499 1705 non
526 1672 705 1705 adscribit.
832 1676 873 1702 15.
904 1681 1016 1711 quae
1043 1670 1163 1702 volet
1190 1671 1260 1703 Cic.
1293 1673 1362 1703 lnv.
1395 1673 1437 1711 ΙΙ,
1468 1672 1535 1705 1⁶20
1576 1683 1638 1716 pro

126 1733 271 1766 muliere
296 1738 445 1777 pugnat:
468 1725 518 1765 ‘in
546 1731 610 1763 hac
636 1740 762 1765 causa,
789 1729 822 1760 in
850 1739 917 1770 qua
943 1729 985 1761 de
1011 1730 1104 1762 vasis
1130 1731 1304 1773 argenteis
1331 1731 1523 1771 quaeritur,
1559 1741 1639 1774 pos-

127 1792 171 1824 sit
196 1791 321 1824 mulier
344 1791 460 1824 dicere
485 1791 571 1823 nihil
598 1789 778 1822 attinuisse
803 1787 955 1820 adscribi
987 1781 1091 1829 ‘quae
1115 1789 1217 1821 volet'
1253 1790 1281 1821 si
1307 1789 1447 1822 heredis
1472 1790 1639 1822 voluntati

66 1891 72 1898 Ι
126 1850 358 1893 permitteret:
394 1859 434 1882 eo
462 1850 554 1882 enim
579 1859 647 1881 non
674 1847 850 1889 adscripto
878 1846 964 1878 nihil
991 1848 1104 1879 inesse
1137 1847 1381 1887 dubitationis,
1417 1848 1498 1889 quin
1525 1848 1638 1887 heres,

83 1931 95 1938 1
127 1919 215 1950 quae
233 1909 310 1951 ipse
330 1908 457 1947 vellet,
485 1908 600 1946 daret:
627 1907 812 1939 amentiam
834 1905 939 1948 igitur
963 1905 1072 1938 fuisse
1086 1930 1094 1943 ,
1122 1915 1225 1947 quom
1243 1906 1363 1939 heredi
1385 1907 1488 1940 vellet
1505 1918 1638 1947 cavere,

127 1967 163 1999 id
187 1966 405 2004 adscribere,
442 1976 509 2007 quo
536 1975 604 1998 non
630 1964 805 2006 adscripto
833 1962 943 1995 nihilo
973 1964 1086 1995 minus
1111 1963 1234 1996 heredi
1270 1966 1471 1997 careretur!
1593 1972 1637 1997 17.

126 2025 286 2058 debere
326 2024 438 2057 dicit
487 2025 617 2056 omisso
660 2022 864 2065 pronomine
900 2021 981 2053 inde
1018 2021 1209 2064 pendente,
1255 2028 1292 2053 ut
1333 2028 1415 2065 aput
1453 2022 1524 2055 Cic.
1564 2023 1637 2054 Inv.

127 2084 170 2123 ΙΙ,
199 2083 277 2116 116.

223 2141 279 2181 19,
306 2147 334 2173 1.
384 2140 435 2173 De
467 2140 603 2184 legibus
635 2137 821 2182 Appuleiis
846 2146 924 2169 'non
956 2136 1100 2179 perlatis
1134 2137 1206 2169 vid.
1236 2136 1306 2169 cie.
1343 2137 1386 2169 de
1418 2138 1501 2180 Leg.
1530 2138 1572 2176 ΙΙ,
1597 2137 1630 2171 6.
1660 2149 1668 2157 ·

126 2200 220 2242 quod
243 2199 333 2232 hanc
359 2199 472 2242 legem
498 2197 759 2230 frumentariam
785 2196 922 2233 attinet,
958 2205 1026 2236 qua
1050 2195 1175 2237 quinae
1200 2201 1316 2238 partes
1342 2201 1461 2228 sextae
1485 2197 1573 2228 assis
1598 2197 1633 2228 in

124 2259 261 2292 modios
286 2256 444 2301 singulos
479 2256 629 2299 pretium
655 2255 951 2286 constituebantur
977 2252 1021 2285 cf.
1049 2254 1240 2287 Mommsen
1267 2255 1361 2286 Trib.
1392 2253 1470 2287 180.
1516 2254 1636 2286 Drum.

127 2316 253 2350 Gesch.
280 2316 380 2348 Rom.
409 2315 452 2352 ΙΙ,
481 2312 562 2346 238.
587 2331 635 2335 —
683 2319 710 2344 2.
741 2312 779 2351 Q.
809 2312 937 2354 Caepio
965 2311 1035 2350 hic,
1064 2313 1123 2353 qui
1152 2311 1221 2345 654
1246 2323 1281 2344 u.
1309 2323 1338 2344 c.
1367 2318 1528 2354 quaestor
1553 2318 1637 2352 erat,

126 2376 214 2408 bene
238 2374 473 2416 distinguatur
498 2371 540 2402 ab
567 2371 694 2409 altero,
729 2372 828 2403 cuius
856 2370 984 2403 mentio
1011 2369 1101 2402 infra
1128 2370 1176 2410 fit,
1204 2370 1281 2414 (22,
1307 2369 1349 2412 9)
1375 2371 1517 2403 consule
1541 2382 1575 2402 u.
1607 2382 1636 2403 c.

125 2434 207 2467 648.
235 2432 281 2464 ef.
310 2430 419 2464 Orelli
446 2428 567 2462 Onom.
596 2429 687 2461 Tull.
714 2440 750 2472 p.
777 2430 846 2463 540
873 2440 949 2470 sqq.
984 2447 1034 2454 —
1080 2435 1108 2461 5.
1135 2428 1250 2461 ferat
1282 2429 1457 2472 praesenti
1482 2435 1639 2472 tempore

86 2494 90 2499 ’
125 2492 316 2530 indicatur,
343 2492 504 2521 senatum
529 2497 599 2519 non
623 2494 829 2530 expectasse
845 2487 1068 2520 Saturninum
1095 2497 1134 2520 eo
1158 2488 1361 2520 temeritatis
1380 2497 1637 2531 processurum.

85 2550 97 2554 “
127 2560 174 2582 ea
198 2548 348 2584 facere
373 2557 421 2579 sc.
449 2545 611 2584 ferenda,
650 2546 804 2578 videri
830 2556 892 2589 pro
919 2546 1066 2577 visum
1100 2546 1160 2577 iri
1192 2545 1365 2589 significat
1390 2547 1459 2578 iam
1484 2546 1639 2589 promul-

125 2607 241 2651 ganda
267 2606 407 2648 quidem
432 2604 510 2647 lege
533 2604 627 2637 laedi
652 2614 673 2636 a
697 2604 882 2637 Saturnino
908 2614 981 2637 rem
1006 2604 1208 2647 puplicam,
1243 2610 1400 2637 senatum
1432 2610 1546 2636 tamen
1575 2615 1638 2636 ex-
1667 2591 1672 2595 ⁴

124 2670 263 2708 pectare
288 2674 366 2696 eum
391 2674 412 2695 a
445 2662 589 2696 ferenda
620 2663 837 2696 destiturum.
958 2663 991 2696 6.
1029 2663 1314 2695 intercedere
1341 2662 1467 2705 supple
1497 2656 1638 2705 ‘coepe-

124 2715 224 2754 runt'.
334 2728 363 2754 7.
397 2721 598 2755 sitellam
641 2721 805 2755 detulit
838 2722 914 2754 Liv.
957 2721 1105 2759 XXXV,
1140 2720 1161 2753 3
1194 2721 1309 2753 sitella
1345 2721 1462 2753 adlata
1496 2726 1568 2759 est,
1602 2727 1638 2752 ut

126 2780 341 2813 sortirentur.
392 2779 464 2812 Cic.
492 2781 534 2812 N.
560 2781 604 2813 D.
637 2781 672 2820 Ι,
709 2780 788 2814 106.
838 2786 875 2812 ut
899 2798 947 2803 —-
972 2780 1026 2812 Ti.
1055 2779 1248 2812 Gracchum
1272 2789 1349 2811 cum
1369 2779 1491 2811 videor
1515 2796 1561 2801 —-
1587 2778 1639 2808 vi-

127 2841 208 2873 dere
234 2839 278 2872 de
306 2838 352 2871 M.
380 2838 522 2871 Octavio
549 2839 762 2872 deferentem
787 2838 950 2871 sitellam.
1000 2837 1105 2869 Plura
1127 2838 1222 2870 dabit
1245 2839 1287 2869 A.
1308 2836 1348 2869 G.
1373 2836 1504 2868 Becker
1529 2835 1639 2878 (Mar-

124 2895 254 2939 quard)
290 2896 434 2937 Antiqu.
459 2897 558 2929 Rom.
587 2897 631 2936 II,
658 2895 693 2936 3,
723 2895 803 2929 131.
862 2896 1020 2928 Wunder
1052 2896 1088 2926 in
1122 2894 1236 2927 Praef.
1272 2895 1317 2926 ad
1348 2895 1430 2925 Var.
1468 2893 1559 2925 lectt.
1595 2903 1639 2925 ex
