1923 3182
773 152 988 190 NOTAE.
1559 148 1642 190 311

137 275 214 297 sum
239 263 447 308 significatio
471 265 676 299 describitur
701 275 722 296 a
744 264 815 297 Cic.
844 265 886 297 de
912 274 962 299 or.
988 265 1053 303 Ill,
1080 265 1168 304 202,
1195 267 1252 297 Or.
1279 264 1364 304 139,
1391 265 1528 298 Tiberio
1554 265 1645 304 VIII,

138 323 220 361 543,
247 324 306 366 qui
331 324 494 367 exempla
511 324 627 357 laudat
653 334 696 356 ex
720 323 818 356 Dem.
850 324 875 363 1,
906 324 968 362 12,
1003 323 1108 363 XLV,
1134 323 1192 357 84.
1220 324 1405 368 Tryphone
1434 325 1514 358 ἰ’-16.
1544 335 1646 366 quam

138 382 310 416 Aristides
335 382 400 423 IX,
435 383 502 417 387
530 383 684 427 appellat
711 377 888 425 ἔμφασιν,
918 383 1021 426 plane
1043 383 1132 417 alius
1159 385 1297 428 generis
1323 390 1385 417 est.
1483 391 1512 417 s.
1541 395 1643 416 exu-

138 442 311 486 peratio
347 442 439 475 idem
471 449 522 476 est
555 449 656 485 atque
693 442 902 486 superlatio,
950 443 1082 475 abcisio
1124 452 1191 475 non
1219 443 1334 476 differt
1366 454 1386 476 a
1413 444 1642 487 praecisione,

138 500 182 533 de
207 501 371 545 ambiguo
397 512 534 543 quoque
556 507 588 534 et
613 501 840 534 similitudine
866 511 972 545 supra
997 502 1150 545 egimus,
1178 502 1266 534 redit
1291 513 1380 535 nunc
1405 513 1523 535 corum
1551 512 1644 534 mcn-

137 559 206 600 tio,
229 566 281 594 set
306 561 371 601 ita,
398 567 434 593 ut
458 560 703 605 significationi
729 561 893 595 serviant.
955 562 1216 604 exuperationis
1252 562 1450 605 exemplum
1478 562 1558 594 vide
1584 572 1641 605 ap.

140 617 210 650 Cic.
238 619 326 652 Phil.
355 621 395 660 11,
422 619 481 661 63,
508 621 577 653 iam
603 619 797 653 adhibitum
823 630 843 652 a
868 619 983 659 Quint.
1010 621 1107 659 vlu,
1139 620 1180 661 6,
1213 620 1270 654 68.
1304 639 1352 644 -
1402 628 1446 654 11.
1480 627 1644 654 testum

140 688 184 710 cx
209 677 232 710 lc
254 679 383 722 recipi,
410 678 457 712 cf.
484 679 573 711 Plin.
601 679 641 712 H.
669 678 711 711 N.
737 677 888 718 XXXII,
914 679 947 719 7,
970 680 992 721 S
1017 679 1075 714 26.
1112 697 1157 702 -
1210 686 1253 712 12.
1282 680 1325 714 de
1350 681 1514 724 ambiguo
1540 681 1647 713 multa

139 736 242 770 habet
266 737 336 771 Cic.
363 738 407 771 de
429 748 478 771 or.
504 739 548 778 lI,
571 739 640 772 254
663 749 741 780 sqq.
792 746 971 782 practerea
997 739 1112 778 Quint.
1142 740 1199 779 VI,
1227 739 1266 779 3,
1292 742 1357 779 473
1381 741 1438 772 Vll
1454 766 1462 779 ,
1487 740 1520 779 9,
1555 742 1590 778 1,
1613 746 1644 772 et

139 794 182 827 de
206 796 334 830 viti0sa
359 796 582 841 ambiguitate
603 797 694 836 VIII,
719 798 753 840 2,
781 797 836 830 13.
898 797 1074 841 singulare
1099 809 1208 842 genus
1243 799 1478 842 ambiguitatis
1505 800 1537 831 in
1566 810 1646 831 con-

139 855 312 888 iunctione
339 862 396 889 aut
422 855 652 889 disiunctione
674 856 919 890 vocabulorum
947 857 1049 889 situm
1075 863 1238 890 tractatur
1260 857 1301 890 ab
1320 858 1480 901 Hermog.
1502 868 1541 890 π.
1568 851 1645 899 εὑρ.

142 912 230 954 186,
256 914 348 948 unde
373 915 457 948 libet
481 915 645 948 nonnulla
669 914 736 947 huc
762 915 967 948 transferre:
1003 909 1026 958 ἡ
1062 913 1129 958 τῆς
1159 912 1376 954 συνθέσεως
1407 935 1454 940 -
1486 909 1647 948 ἀκολου-

139 970 214 1004 θία
239 971 463 1016 συγκειμένη
486 968 556 1016 μὲν
581 967 673 1006 ἄλλο
700 972 831 1016 δηλοῖ,
869 970 1120 1018 διαιρουμένη
1151 970 1192 1007 δὲ
1218 969 1308 1008 ἄλλο
1335 970 1512 1018 ἐμφαίνει
1541 970 1648 1007 οἷον·

139 1025 252 1074 φήμη
274 1023 336 1075 ἦν,
364 1042 425 1065 οτι
448 1027 624 1065 σύνεστιν
648 1026 668 1065 ὁ
697 1027 823 1075 πατὴρ
849 1031 897 1077 τῇ
924 1034 994 1065 τοῦ
1018 1029 1109 1066 υἱοῦ
1134 1033 1304 1076 γυναικί·
1326 1029 1464 1077 μοιχὸν
1487 1035 1648 1066 καταλα-

139 1085 218 1134 βῶν
246 1085 572 1135 ἐγκεκαλυμμένον
605 1085 625 1125 ὁ
658 1086 744 1130 υἱὸς
773 1087 901 1135 αφῆκε
933 1089 998 1124 καὶ
1032 1086 1341 1135 ἄποκηρύσσεται
1373 1087 1449 1125 υπὸ
1484 1092 1553 1125 τοῦ
1578 1105 1648 1125 πα-

139 1143 358 1193 vods-5981?
377 1145 469 1193 γάρ’
496 1160 599 1183 οπου
626 1147 690 1182 καὶ
712 1149 783 1183 τοῦ
804 1149 946 1193 μοιχοῦ
968 1145 1178 1195 λαβόμενος
1204 1144 1344 1195 ἐβόων
1383 1163 1411 1184 ω
1434 1146 1571 1194 πάτερ·
1602 1146 1647 1184 σὺ

139 1202 181 1239 δὲ
206 1198 252 1251 ἦς
278 1228 320 1233 -
351 1203 549 1252 οὐδαμοῦ,
610 1208 663 1254 τῷ
688 1204 760 1252 γὰρ
786 1208 909 1254 μοιχῷ
935 1206 1000 1241 καὶ
1031 1210 1085 1254 τῷ
1111 1207 1227 1251 πατρὶ
1256 1206 1472 1251 προστεθὲν
1501 1204 1648 1249 εὐθέως

139 1261 183 1298 τὸ
212 1260 275 1300 ‘⁶25
309 1262 350 1300 δὲ
374 1259 432 1311 ἦς’
454 1266 502 1312 τῇ
527 1263 708 1300 συνθέσει
732 1263 804 1311 τὴν
839 1264 1004 1311 ἔμφασιν
1030 1262 1217 1311 ἐδήλωσε,
1252 1264 1323 1311 τὴν
1356 1263 1569 1311 ἀσφάλειαν
1606 1265 1647 1301 δὲ

141 1320 216 1368 ἔχει
238 1319 316 1358 ἀπὸ
343 1325 413 1359 τοῦ
433 1320 646 1369 εοὗὸ“αμοῦ.’
696 1327 762 1359 hoc
795 1334 1036 1371 argumentum
1067 1339 1086 1360 a
1118 1328 1302 1361 Polemone
1335 1329 1494 1372 sophista
1525 1336 1648 1361 tracta-

138 1391 210 1418 tum
240 1391 331 1426 erat,
376 1385 421 1420 cf.
450 1385 612 1421 Philostr.
640 1387 683 1422 V.
712 1386 748 1422 S.
778 1386 864 1428 233,
903 1387 944 1429 9,
979 1387 1022 1420 ad
1056 1399 1156 1430 quem
1190 1389 1302 1421 locum
1336 1389 1523 1421 debueram
1557 1388 1647 1421 huuc

140 1445 367 1489 Hermogenis
392 1455 587 1488 apponere,
612 1447 714 1478 etiam
741 1447 864 1489 Apsin.
886 1447 946 1487 IX,
967 1446 1048 1481 534.
1101 1447 1279 1490 praeclara
1305 1448 1466 1491 exempla
1493 1449 1648 1492 ambigui

139 1513 196 1546 ap.
225 1503 297 1538 Cic.
332 1510 411 1536 sunt
435 1515 471 1548 p.
509 1504 621 1536 Flacc.
648 1503 713 1545 43,
748 1505 814 1544 51,
850 1515 886 1548 p.
915 1504 1004 1540 Sest.
1034 1504 1056 1537 8
1083 1512 1169 1540 extr,
1197 1506 1239 1538 de
1266 1516 1319 1549 pr.
1349 1517 1443 1540 cons.
1468 1507 1503 1542 0,
1529 1525 1576 1530 ——
1600 1513 1645 1539 20.

139 1573 216 1606 per
247 1564 616 1604 consequentiam.
675 1564 709 1595 in
740 1563 828 1596 hanc
862 1565 1003 1608 proprie
1043 1566 1202 1597 convenit
1240 1565 1504 1608 significationis
1541 1567 1646 1599 notio.

139 1621 182 1654 cf.
212 1620 326 1660 Quint.
354 1622 446 1660 vffl,
474 1623 508 1663 2,
538 1622 578 1655 ll
610 1629 642 1654 ct
668 1622 738 1655 Cic.
767 1634 803 1666 p.
830 1622 942 1661 Quint.
976 1624 1030 1661 1-1,
1055 1635 1090 1667 p.
1121 1624 1212 1656 Cael.
1242 1624 1299 1657 60.

232 1679 320 1720 209,
346 1687 374 1713 2.
416 1679 583 1713 Graecum
617 1681 746 1714 fontem
778 1681 881 1714 huius
916 1682 1068 1725 exempli
1105 1683 1278 1716 Victorius
1312 1685 1394 1718 Var.
1431 1684 1525 1716 Lect.
1554 1684 1646 1724 XIV,

141 1739 185 1774 10
216 1739 400 1778 indicavit,
434 1739 560 1783 legitur
592 1740 683 1772 enim
713 1750 770 1783 ap.
799 1740 888 1773 Plut.
921 1740 1084 1784 SympOS.
1121 1741 1183 1779 Qu.
1214 1743 1260 1781 11,
1300 1742 1315 1774 1
1347 1737 1579 1784 μεμνήμεθά
1608 1752 1647 1774 σε

137 1796 192 1842 τῷ
207 1795 386 1842 βραχίονι
403 1784 791 1841 οἶπομυττόμενον.-
806 1806 832 1833 3.
849 1811 926 1843 per
948 1801 1023 1832 abc
1036 1802 1232 1834 isionem.
1253 1800 1297 1833 cf.
1320 1812 1425 1844 supra
1438 1802 1517 1840 170,
1532 1802 1574 1835 16
1588 1813 1647 1835 no-

79 1873 84 1878 ·
137 1862 226 1897 tata,
249 1857 309 1889 ubi
336 1857 429 1889 idem
455 1858 653 1901 exemplum
672 1860 900 1902 praecisionis
925 1859 1085 1899 affertur,
1115 1860 1205 1902 quod
1227 1860 1284 1892 hic
1303 1861 1504 1896 abcisionis.
1545 1873 1647 1903 qnam

138 1921 253 1949 autem
278 1917 450 1958 Anonym.
481 1925 522 1950 π.
552 1925 608 1959 σχ.
634 1918 730 1956 VIII,
757 1917 826 1951 650
856 1919 938 1951 dicit
960 1912 1245 1961 (inconcinnam,
1272 1920 1388 1962 potius
1415 1915 1648 1962 παράλειψις

140 1981 210 2016 est,
237 1980 275 2008 ut
299 1975 460 2019 exempla
486 1975 608 2008 docent
634 1976 732 2009 Dem.
758 1976 879 2016 XXV,
913 1976 935 2009 8
961 1987 1005 2010 ex
1027 1988 1094 2019 quo
1120 1988 1172 2012 vs.
1203 1978 1246 2011 10
1272 1978 1419 2020 προῆχε
1445 1979 1643 2022 legendum,

139 2038 172 2066 et
194 2032 296 2073 XXI,
333 2034 388 2066 15.
440 2033 510 2066 alia
539 2035 671 2066 ratione
703 2039 823 2078 peccat
854 2035 889 2067 in
915 2034 1113 2068 definienda
1136 2037 1316 2069 reticentia
1338 2037 1495 2069 Zonaeus
1517 2037 1586 2070 677
1613 2043 1645 2070 et

139 2092 225 2126 alter
249 2094 360 2125 Anon.
389 2093 470 2126 702.
567 2099 596 2128 6.
630 2104 706 2136 per
739 2094 1092 2129 similitudinem.
1145 2101 1280 2138 poterat
1305 2096 1434 2128 addere
1454 2089 1503 2128 ‘et
1529 2107 1645 2129 exem-

138 2144 245 2196 plum'
271 2162 352 2184 nam
376 2152 479 2185 huius
507 2153 601 2185 modi
627 2159 696 2193 est,
723 2153 816 2196 qnod
840 2154 956 2186 statim
982 2153 1138 2186 additur:
1162 2147 1248 2187 ‘noli
1273 2154 1457 2188 Saturnine
1475 2173 1520 2179 —
1540 2155 1644 2188 Grac—

139 2204 205 2244 chi’
245 2217 277 2244 et
310 2212 541 2245 notissumum
590 2212 675 2245 illud
711 2205 914 2255 ‘Dionysius
954 2207 1135 2248 Corinthi.'
1279 2219 1325 2247 13.
1359 2215 1556 2248 brevitas
1579 2225 1634 2259 ap.
1666 2217 1712 2250 68

140 2270 290 2304 Graecos
315 2271 502 2314 scriptores
528 2270 630 2303 Alex.
658 2272 758 2311 VIII,
784 2273 855 2306 450
878 2272 1100 2305 Phoebamm.
1120 2273 1208 2315 505,
1234 2274 1346 2307 Anon.
1363 2274 1444 2314 656,
1468 2275 1533 2309 701
1563 2269 1643 2307 ε’πι-

137 2325 353 2372 τροχασμός
378 2334 441 2364 est.
476 2330 579 2363 etiam
604 2341 660 2373 ap.
686 2331 804 2372 Aquil.
832 2332 932 2365 Rom.
961 2332 988 2372 I,
1015 2331 1049 2373 6,
1080 2343 1136 2376 ap.
1166 2333 1224 2365 Cic
1249 2333 1291 2366 de
1319 2343 1367 2366 or.
1395 2335 1453 2371 ΙΙΙ,
1474 2336 1540 2367 202
1568 2347 1637 2379 per-

138 2389 270 2427 cursio;
303 2388 345 2420 ab
371 2389 534 2432 Hermog.
569 2398 609 2422 π.
639 2384 691 2422 ld.
718 2389 788 2423 299
819 2396 1007 2424 tractantur
1034 2386 1077 2423 αἴ
1100 2388 1246 2423 πυκναὶ
1272 2389 1337 2424 καὶ
1370 2386 1418 2424 δι’
1447 2387 1644 2436 ἐλαχίστου

138 2440 358 2490 ἒξαλλαγαί,
392 2448 590 2491 exemplum
623 2454 674 2481 est
706 2449 804 2484 Dem.
839 2451 871 2489 I,
907 2449 968 2490 12,
1003 2456 1035 2482 et
1061 2451 1153 2492 quod
1179 2451 1295 2484 laudat
1322 2452 1422 2484 Alex,
1459 2453 1526 2491 IX,
1565 2453 1642 2491 118,

138 2505 263 2547 quibus
288 2506 436 2539 addatur
458 2506 553 2546 XIX,
580 2507 636 2540 76.
663 2526 712 2530 —
737 2514 782 2540 15.
807 2509 884 2549 via,
913 2519 1000 2550 quae
1022 2509 1079 2542 hic
1104 2510 1328 2552 describitur,
1358 2513 1551 2544 necessario
1578 2512 1645 2554 Ly-

138 2564 345 2597 simachiam
373 2565 487 2606 ducit,
518 2577 621 2608 quam
646 2577 718 2600 rem
742 2566 895 2611 Spengel
920 2568 1021 2600 nobis
1047 2569 1222 2603 indicavit.
1368 2577 1410 2602 16.
1434 2565 1641 2613 ‘appulsus',
1677 2563 1682 2566 ’

139 2623 230 2664 quod
256 2623 406 2657 Auratus
432 2626 632 2669 proposuit,
666 2627 796 2659 nemini
824 2626 1046 2670 displicuisse
1071 2628 1207 2660 videtur
1232 2630 1388 2670 quamvis
1413 2631 1561 2662 otiosum
1584 2640 1643 2661 vo-

138 2681 298 2714 cabulum
325 2687 358 2714 et
379 2683 540 2716 brevitati
566 2686 786 2721 contrarium.
850 2695 913 2718 nos
940 2697 984 2719 ex
1005 2692 1198 2720 monstrosa
1225 2694 1440 2731 optumorum
1465 2687 1563 2721 codd,
1596 2687 1643 2719 lc-

137 2740 251 2772 ctione
271 2732 413 2774 ‘sulsus'
439 2741 577 2775 Sestum
604 2744 674 2776 dici
699 2745 928 2783 coniecimus‚
955 2745 1159 2788 plerumque
1186 2756 1262 2777 cum
1290 2745 1411 2786 Abydo
1436 2745 1642 2776 coniunctim

137 2802 361 2831 memoratam
387 2799 432 2831 cf.
457 2800 615 2834 Meineke
635 2803 742 2838 Vind.
770 2802 883 2837 Strab.
908 2803 990 2837 200.

233 2856 314 2897 210,
342 2863 370 2892 1.
407 2859 606 2902 exemplum
640 2861 862 2894 vehementer
894 2867 1093 2904 corruptum
1119 2861 1251 2903 duplici
1284 2860 1456 2891 medicina
1484 2865 1643 2902 transpo—

138 2916 262 2949 sitione
288 2921 320 2949 et
351 2917 568 2960 singulorum
601 2919 784 2952 verborum
819 2922 1030 2952 correctione
1063 2929 1186 2952 sanare
1219 2920 1437 2952 tentavimus.
1489 2925 1642 2950 remanet
