1971 3198
827 205 1110 238 PRAEFATIO.
1699 214 1789 243 XIII

203 301 418 358 ronymi¹)
452 308 495 344 et
525 303 718 363 Rufini²)
758 308 997 351 auctoritas
1031 312 1281 368 opinionem
1318 314 1484 357 dudum
1517 315 1787 371 divolgatam

202 368 258 411 de
290 370 503 413 Cicerone
534 380 712 417 auctore
742 378 883 434 magis
916 381 1192 423 confirmavit
1218 398 1269 424 ac
1301 398 1432 439 saepe
1469 390 1621 425 contra
1651 385 1788 425 incre-

201 436 328 480 dulos
354 447 536 483 evocata
567 450 645 485 est.

970 588 1024 642 11.

314 702 562 747 Utilitatem
593 707 721 749 huius
753 708 876 764 libri,
908 718 1140 770 postquam
1172 714 1361 770 primum
1389 723 1455 758 est
1487 718 1651 771 editus,
1673 718 1785 761 bene

198 770 466 815 intellectam
496 774 633 818 fuisse
664 791 689 818 a
718 778 927 821 studiosis
960 783 1066 823 artis
1098 784 1314 825 oratoriae
1344 799 1548 827 maxume
1580 787 1681 828 inde
1712 803 1784 844 pa-

196 843 280 893 tet,
314 841 432 897 quod
463 858 562 886 eum
592 860 647 887 ne
682 845 910 890 Ciceronis
944 851 1122 908 quidem
1153 852 1207 894 de
1239 859 1412 896 oratore
1445 854 1547 897 libri
1576 863 1651 898 aut
1677 858 1784 898 Ora-

196 910 266 949 tor
318 908 554 956 obscurare
592 921 853 973 potuerunt3
895 934 1038 977 neque
1077 922 1116 963 ei
1154 928 1307 978 postca
1341 923 1561 967 offuerunt
1612 925 1783 978 Quinti-

198 975 306 1019 liani
334 978 640 1025 Institutiones
669 987 885 1030 ora-toriae
924 991 1098 1045 magnis
1140 991 1366 1035 doctrinae
1399 995 1535 1051 copiis
1568 996 1781 1051 insignes.

200 1045 263 1087 nil
304 1049 456 1092 nocuit
486 1050 714 1095 Ciceronis
744 1054 933 1099 obscura
974 1059 1171 1115 quidem,
1213 1067 1279 1102 set
1321 1061 1427 1103 haut
1467 1064 1599 1107 dubie
1631 1072 1783 1107 contra

196 1113 276 1157 hos
311 1116 447 1161 libros
483 1128 736 1178 comparata
772 1125 1098 1184 obtrectatio³),
1139 1129 1201 1170 nil
1243 1129 1507 1183 Quintiliani
1542 1135 1783 1191 malignum

197 1183 486 1246 silentium⁴):
520 1190 697 1234 scholae
737 1200 877 1237 artem
913 1201 1002 1238 tam
1038 1199 1413 1243 accommodatam
1448 1204 1538 1245 suis
1570 1206 1782 1246 exercita—

193 1253 408 1311 tionibus,
455 1264 517 1313 et,
557 1266 605 1301 ut
642 1261 780 1318 ipsius
816 1265 1041 1321 scriptoris
1074 1266 1223 1309 verbis
1257 1275 1356 1311 utar
1387 1271 1607 1315 ‘dilucida
1639 1273 1780 1315 brevi-

193 1326 283 1364 tate
313 1327 654 1382 praeceptionis'
684 1333 965 1388 conspicuam
995 1349 1082 1375 non
1117 1335 1398 1394 dimiserunt,
1431 1341 1547 1383 idem
1578 1359 1683 1385 vero
1710 1342 1780 1384 Ci-

194 1405 315 1447 cere,
349 1395 425 1451 qui
452 1395 667 1439 oblivioni
695 1401 870 1443 tradere
900 1402 1100 1445 voluerat
1132 1420 1240 1461 opus
1271 1415 1466 1463 agreste,
1495 1426 1572 1453 suo
1603 1416 1780 1458 nomine

194 1464 476 1506 conservavit
503 1472 545 1508 et
572 1467 890 1511 immortalitati
920 1471 1123 1527 tradidit,
1165 1473 1438 1526 Quintiliano
1473 1487 1619 1524 autem
1649 1484 1778 1527 debe—

192 1533 283 1584 tur,
323 1532 440 1588 quod
482 1533 605 1577 licuit
639 1537 866 1580 Cornificii
896 1555 1053 1582 nomen
1087 1543 1182 1584 sine
1207 1544 1299 1586 ulla
1329 1546 1603 1592 dubitatione
1633 1552 1699 1593 his
1730 1554 1777 1595 li-

191 1597 284 1640 bris
310 1601 568 1646 inscribere.
611 1606 923 1663 imperatorum
954 1617 1096 1653 aetate
1127 1621 1362 1670 usurpatos
1391 1632 1487 1659 csse
1514 1619 1672 1662 docent
1703 1623 1777 1664 ad-

191 1666 452 1726 ditamenta,
481 1688 592 1730 quae
623 1678 871 1720 notavimus
901 1680 967 1734 23,
999 1683 1023 1720 4
1056 1687 1099 1723 et
1124 1684 1190 1737 64,
1221 1686 1292 1738 173
1323 1685 1467 1727 medio
1499 1702 1609 1730 aevo
1640 1692 1776 1747 magi-

191 1741 304 1779 stros
333 1737 578 1785 rhetoricae
610 1744 810 1801 inprimis
842 1747 957 1790 hunc
988 1757 1210 1793 auctorem
1252 1760 1424 1796 secutos
1457 1771 1553 1799 esse
1586 1759 1776 1801 ostendit

190 1806 391 1849 codicum
417 1816 690 1856 vetustorum
717 1815 965 1860 multitudo.

305 1874 435 1928 Quod
461 1885 607 1922 autem
637 1882 895 1942 plerumque
926 1902 1009 1928 usu
1036 1889 1178 1943 venit,
1208 1896 1255 1932 ut
1277 1890 1378 1934 libri
1400 1892 1653 1951 frequenter
1674 1896 1777 1939 lecti

189 1942 552 2000 interpolatorum
580 1950 858 2008 impudentes
885 1970 1041 1998 manus
1072 1959 1308 2014 sentirent,
1340 1964 1489 2004 nescio
1520 1979 1575 2005 an
1608 1966 1652 2006 in
1680 1967 1773 2008 nul-

189 2010 279 2054 lum
305 2019 547 2073 tantopere,
575 2034 705 2077 quam
736 2023 782 2064 in
812 2022 928 2066 hunc
947 2024 1290 2070 Cornificianum
1321 2032 1462 2074 cadat.
1501 2048 1551 2075 ac
1572 2036 1773 2091 primum,

187 2160 307 2207 inquit'
333 2174 397 2202 etc.
423 2168 479 2203 hic
504 2174 698 2215 posteriora
722 2185 765 2207 ex
792 2177 931 2219 quinto,
957 2179 1074 2220 priora
1098 2191 1141 2211 ex
1169 2187 1287 2221 quarto
1317 2183 1508 2217 laudaverit
1528 2189 1772 2228 grammaticus

188 2234 330 2259 necesse
355 2234 424 2268 est;
450 2230 510 2262 illa
533 2232 623 2264 enim
648 2233 725 2276 172,
751 2234 784 2277 6,
811 2234 897 2268 haec
924 2237 1003 2277 125,
1033 2238 1077 2271 10
1100 2239 1272 2282 leguntur.

283 2284 320 2327 1)
346 2287 544 2332 Hieronym.
578 2292 613 2323 in
648 2303 802 2335 prooem.
841 2304 1024 2331 comment.
1057 2298 1101 2329 ad
1132 2299 1297 2332 Abdiam:
1337 2294 1435 2333 ‘dicit
1468 2308 1499 2334 et
1526 2304 1660 2337 Tullius
1693 2312 1771 2339 tuus

187 2341 442 2380 adulescentulo
465 2349 532 2381 sibi
558 2350 719 2383 inchoata
745 2353 914 2393 quaedam
944 2360 974 2386 ct
1009 2356 1107 2388 rudia
1138 2359 1325 2391 excidisse.
1386 2361 1414 2392 si
1449 2361 1514 2394 hoc
1550 2363 1608 2395 ille
1634 2369 1700 2396 tam
1729 2367 1770 2397 de

187 2400 284 2434 libris
311 2404 356 2436 ad
379 2406 605 2447 Herennium,
640 2421 742 2451 quam
774 2412 816 2443 de
842 2412 1051 2456 Rhetoricis,
1091 2426 1176 2457 qnos
1205 2429 1268 2461 ego
1303 2419 1356 2451 vcl
1384 2421 1658 2462 perfectissimos
1686 2431 1768 2467 puto

186 2460 231 2492 ad
257 2466 549 2506 comparationem
575 2469 696 2502 senilis
723 2471 927 2512 prudentiae
951 2473 1065 2506 dicere
1096 2477 1225 2519 potuit,
1260 2484 1386 2519 quanto
1418 2481 1530 2523 magis
1561 2492 1624 2524 ego
1662 2483 1769 2514 libere

186 2518 372 2561 profitebor
395 2528 427 2556 et
452 2524 541 2557 illud
566 2525 675 2559 fuisse
696 2529 841 2570 puerilis
868 2531 998 2573 ingenii
1024 2538 1056 2564 et
1082 2533 1147 2566 hoc
1170 2541 1324 2568 maturae
1350 2540 1534 2571 senectutis
1545 2533 1575 2570 ?'

279 2591 316 2634 2)
342 2592 485 2626 Rufinus
511 2601 594 2638 aput
620 2595 689 2628 Cic.
719 2597 773 2632 ed.
804 2598 860 2632 Or.
889 2601 932 2639 V,
964 2601 992 2641 l,
1022 2602 1089 2636 186
1115 2609 1146 2635 et
1176 2604 1242 2637 193
1262 2599 1476 2640 ‘Ciceronem
1495 2610 1538 2640 ad
1560 2601 1767 2643 Herennium

187 2649 221 2680 in
247 2655 320 2682 arte
346 2662 373 2684 s.
397 2644 446 2683 ‘in
472 2657 544 2685 arte
572 2649 758 2688 rhetorica’
784 2657 913 2693 laudat.

279 2708 315 2751 3)
343 2710 386 2742 de
411 2720 460 2745 or.
488 2713 535 2754 II,
570 2712 613 2745 10
641 2706 719 2746 enec
747 2726 828 2748 vero
860 2722 916 2759 te,
951 2721 1139 2752 carissuine
1166 2721 1272 2754 frater
1298 2741 1343 2746 —-
1369 2724 1550 2757 rhetoricis
1577 2736 1664 2757 nunc
1692 2728 1766 2767 qui-

183 2765 331 2800 busdam
356 2769 474 2812 libris,
509 2781 594 2811 quos
621 2777 656 2803 111
689 2776 836 2816 agrestis
861 2782 982 2819 putas,
1017 2779 1179 2821 insequor
1203 2786 1239 2813 ut
1262 2779 1443 2817 erudiam.⁵
1493 2783 1582 2815 adde
1611 2786 1655 2826 Π,
1687 2785 1764 2819 117,

185 2823 263 2863 130,
289 2826 370 2866 201,
398 2828 454 2868 111,
482 2829 538 2868 70,
564 2831 621 2869 75,
651 2830 730 2871 188,
759 2833 840 2868 209.

281 2882 322 2925 4)
347 2885 427 2917 vide
454 2887 519 2927 ΙΙΙ,
547 2888 580 2930 6,
609 2890 766 2934 214—46,
795 2893 855 2924 ubi
883 2893 1084 2926 Cornificius
1111 2900 1372 2930 commemorari
1400 2899 1534 2934 debuit,
1571 2904 1602 2929 et
1631 2899 1675 2932 ib.
1702 2898 1765 2932 633

185 2939 296 2972 obiter
320 2942 394 2973 eius
421 2947 629 2979 mentionem
655 2948 736 2981 facit
762 2951 817 2992 III,
851 2952 879 2993 l,
907 2952 963 2984 20.
1015 2953 1059 2984 cf.
1082 2954 1213 2989 Monac,
1239 2965 1271 2987 n.
1301 2958 1334 2991 d,
1368 2958 1468 2999 1852,
1495 2957 1575 2988 476.
