1923 3182
795 154 1006 192 NOTAE.
1574 155 1660 197 225

246 265 300 303 15,
329 271 356 299 1.
385 264 715 308 confligendum
739 277 816 299 cum
843 268 1055 303 adversario.
1084 270 1183 302 cuius
1200 271 1353 304 narratio
1378 277 1434 304 aut
1461 278 1580 315 aperte
1602 278 1658 305 aut

149 327 234 354 tecte
267 323 503 366 impugnanda
536 330 599 358 est.
646 326 697 358 sic
731 325 880 368 loquitur
915 327 984 359 Cic.
1021 338 1056 370 p.
1094 327 1194 362 Caec.
1226 328 1285 360 17:
1321 324 1438 371 ‘quom
1466 332 1581 364 omnia
1609 333 1659 365 ita

148 378 239 413 facta
265 389 390 421 essent,
418 393 519 424 quem
545 383 590 415 ad
614 383 754 416 modum
782 394 843 417 nos
869 384 924 426 (iu
950 386 1164 428 narratione)
1191 381 1433 424 defendimus’.
1486 397 1569 433 aput
1596 390 1658 424 Se-

147 448 220 473 nec.
249 439 363 473 Contr.
388 441 444 481 IV,
479 441 524 473 25
551 439 637 483 (281
674 442 729 476 ed.
758 442 851 486 Bip.)
874 436 1037 486 ‘negabat
1063 454 1100 476 se
1126 454 1187 486 pro
1214 445 1406 480 Flaminino
1442 455 1658 482 narraturum

146 497 339 538 Montanus,
365 506 416 533 set
438 510 527 541 quae
551 500 756 539 obiciuntur,
783 494 1060 544 responsurum'.
1116 504 1202 546 Aps.
1223 504 1281 541 lx,
1302 505 1382 544 494,
1406 506 1447 538 17
1475 514 1657 550 propterea

145 550 342 599 διηγήσεις
373 557 574 591 dividuntur
605 559 638 590 in
671 551 867 600 ἴστορικοὶς
899 567 931 592 et
961 552 1227 602 ἁγωνιστικοὶς.
1278 563 1367 596 adde
1395 565 1509 603 Quint.
1537 567 1595 605 lv,
1621 568 1655 605 2,

144 613 204 648 80.
229 633 272 639 —
329 622 359 651 4.
393 627 501 658 quae
527 616 581 649 de
614 617 916 650 insinuatione
950 628 1058 651 nova
1083 629 1174 652 exc.
1217 621 1260 653 iis
1286 620 1354 654 Cic.
1380 623 1452 658 Inv.
1482 625 1505 663 Ι,
1533 624 1578 659 23
1604 637 1654 667 sq.

147 683 209 716 pro
232 675 306 708 suis
330 676 447 714 utitur,
474 685 540 708 non
563 675 702 709 laudato
724 683 874 708 auctore.
901 695 947 699 —
996 684 1023 709 9.
1051 680 1241 711 oratoris
1268 680 1486 716 officium.
1515 691 1550 715 ut
1576 684 1610 716 h.
1630 684 1653 719 1.

146 733 280 775 optumi
305 733 407 767 codd.
433 726 649 766 ‘artificium'
673 735 724 766 sic
750 735 806 768 111.
825 734 865 767 17
888 728 1023 768 ‘ordine
1052 731 1225 770 officioso’
1252 749 1314 781 pro
1335 733 1422 773 ‘ord.
1451 737 1655 777 artificioso'

145 789 283 823 habent.
335 790 465 824 Cornif.
490 798 616 830 autem,
645 799 680 824 ut
705 803 811 836 supra
841 794 865 833 1,
894 792 916 826 3
946 796 1120 828 coustituit
1146 796 1288 835 (locere,
1317 809 1418 840 quem
1444 801 1489 833 ad
1515 802 1655 834 modum

144 849 279 892 possint
303 849 349 882 ad
371 850 562 884 orationem
586 850 702 884 officia
726 852 811 894 (nou
835 845 1022 890 ‘amitit-ias)
1048 856 1194 888 oratoris
1221 858 1494 898 accommodari,
1527 861 1575 892 ita
1599 860 1654 893 hic

145 907 387 940 convenienter
411 908 643 942 inventionem
667 912 890 955 praecipuom
924 914 1068 945 oratoris
1103 914 1255 948 officium
1290 928 1367 950 esse
1404 917 1499 949 dicit.
1551 918 1654 958 adde,

144 966 237 1007 quod
263 966 334 999 illic
358 973 391 999 et
416 967 440 1007 l,
466 968 501 1007 4,
534 968 574 1007 11,
604 968 619 1001 l
641 961 820 1004 ‘oratoris'
848 984 972 1008 nomen
1002 972 1128 1006 officiis
1149 976 1305 1018 apponit.
1356 978 1438 1018 quin
1457 976 1561 1008 etiam
1581 976 1651 1012 Cic.

144 1023 187 1056 de
213 1034 264 1059 or.
291 1024 322 1063 Ι,
354 1024 418 1058 137
457 1027 544 1059 tueri
569 1034 681 1070 potest
707 1029 887 1065 lectionem
915 1026 997 1066 ‘nou
1032 1033 1166 1076 negabo
1200 1044 1254 1066 me
1286 1035 1351 1067 ista
1381 1035 1534 1067 omnium
1561 1045 1653 1068 com·

142 1082 262 1115 munia
287 1088 319 1115 et
345 1084 489 1117 contrita
512 1094 699 1130 praecepta
724 1088 910 1125 didicisse:
945 1093 1094 1135 primum
1127 1093 1272 1126 oratoris
1305 1093 1459 1126 officium
1491 1106 1568 1128 esse
1601 1095 1653 1128 di—

143 1152 220 1174 cere
245 1141 290 1174 ad
323 1144 603 1185 persuadendum
636 1144 914 1183 adcommodate'
948 1159 1012 1185 etc.
1070 1150 1214 1184 nihilo
1254 1152 1392 1186 minus
1431 1154 1652 1187 industrie

143 1207 213 1233 est:
244 1201 378 1242 eadem,
406 1212 473 1245 qua
498 1206 690 1247 superiora,
724 1207 905 1244 industria.
1006 1217 1050 1244 10.
1096 1220 1115 1242 a
1148 1211 1378 1252 quaesisse
1411 1222 1494 1244 sane
1527 1213 1653 1255 pendet

143 1259 254 1301 quod
281 1259 493 1294 relicuom
520 1268 603 1303 est,
631 1270 682 1297 set
707 1269 872 1311 scriptor,
899 1269 998 1311 quasi
1022 1268 1114 1301 illius
1141 1268 1286 1300 membri
1310 1269 1437 1302 oblitus
1460 1271 1516 1309 sit,
1544 1281 1652 1312 quae

141 1318 209 1350 rei
242 1318 420 1353 utilitas
459 1322 713 1364 postulabat
747 1326 871 1360 intulit.
923 1327 1180 1370 postulabat
1215 1338 1334 1359 verum
1379 1334 1516 1373 tempus
1559 1340 1649 1370 esse,

140 1385 208 1409 non
229 1370 455 1420 ‘postulabit’‚
480 1381 584 1412 totius
610 1383 660 1414 rei
684 1389 803 1416 natura
829 1385 945 1424 docet,
979 1386 1070 1427 quod
1100 1394 1214 1418 autem
1238 1397 1345 1428 quae
1370 1397 1433 1430 pro
1452 1381 1578 1430 ‘quam'
1608 1399 1651 1421 ex

139 1445 208 1468 uno
235 1436 436 1479 Augustano
461 1437 636 1479 dedimiis,
664 1442 828 1475 defendat
852 1444 939 1476 altcr
965 1444 1059 1477 locus
1086 1444 1143 1482 lv,
1172 1444 1207 1476 1:
1230 1437 1334 1477 ‘nunc
1361 1447 1389 1478 si
1416 1457 1538 1490 pauca,
1564 1458 1651 1489 quae

140 1504 196 1527 res
216 1495 385 1538 postulat,
413 1496 626 1537 dixerimus,
652 1499 715 1531 tibi
740 1501 793 1542 id,
820 1502 911 1543 quod
938 1503 1104 1535 relicuom
1131 1510 1182 1535 est
1208 1504 1292 1536 artis
1317 1521 1362 1527 —
1389 1499 1649 1547 persolvemus'.

142 1560 186 1589 12.
213 1564 437 1587 causarum
464 1556 629 1591 divisio
656 1565 707 1590 est
733 1570 835 1600 quam
862 1561 928 1594 An.
958 1560 1040 1604 Seg.
1068 1562 1150 1597 447,
1178 1561 1223 1594 29
1255 1555 1447 1604 πρόθεσιν
1480 1566 1644 1609 appellat,
1673 1569 1716 1602 17

141 1613 300 1656 Hermog.
336 1622 377 1645 π.
405 1607 484 1655 εὕρ.
517 1614 564 1648 99
589 1627 641 1658 sq.
677 1613 1012 1661 προκατασκευήν,
1049 1630 1111 1663 pro
1144 1621 1304 1664 exemplo
1336 1628 1435 1654 utens
1467 1622 1645 1657 Demosth.

137 1669 262 1710 XXIII,
290 1669 334 1704 18
356 1681 431 1714 sqq.
458 1672 552 1711 XlX,
576 1675 600 1706 4
623 1674 667 1706 ad
691 1668 911 1716 εὐκρίνειαν
937 1677 1108 1720 pcrtiuere
1135 1689 1211 1710 eam
1235 1679 1319 1711 dicit
1345 1689 1384 1713 π.
1413 1675 1464 1715 ἰδ,
1488 1681 1569 1721 212,
1592 1683 1647 1715 17.

137 1747 185 1752 -
211 1735 256 1764 13.
285 1739 327 1763 re
361 1737 534 1764 narrata
564 1733 692 1774 requiri
725 1733 876 1767 vidimus
914 1734 1058 1777 (collato
1086 1737 1160 1770 loco
1185 1738 1249 1777 ΙΙΙ,
1280 1737 1342 1780 18)
1376 1744 1560 1781 antequam
1592 1752 1648 1774 co-

138 1788 226 1821 dicis
255 1799 277 1821 n
302 1789 404 1822 lectio
432 1783 509 1834 ‘per
536 1785 689 1825 narrata’
722 1792 822 1824 nobis
849 1793 1007 1828 innotuit.
1054 1789 1230 1838 ‘perorata
1259 1790 1470 1831 narratione’
1501 1798 1649 1832 deterio-

138 1857 214 1879 rum
239 1847 340 1881 codd.
368 1847 449 1880 inde
473 1848 517 1881 ab
543 1850 586 1881 α2
615 1851 649 1882 t²
678 1851 841 1883 mendum
866 1852 1063 1886 excluditur
1088 1864 1154 1887 usu
1180 1855 1276 1887 verbi
1300 1866 1367 1888 non
1388 1857 1454 1888 nisi
1479 1857 1514 1888 in
1538 1859 1648 1901 epilo-

138 1915 220 1948 gum
253 1905 421 1940 cadentis.
477 1907 573 1940 solus
604 1908 681 1949 ille,
721 1910 779 1951 qui
812 1909 987 1944 Ciceronis
1021 1913 1158 1945 nomine
1189 1914 1438 1947 oratiunculam
1472 1926 1572 1949 suam
1603 1918 1648 1950 ad

139 1963 289 2003 Quirites
313 1969 392 2007 post
424 1964 526 1998 redit.
576 1966 784 2006 venditavit,
818 1970 1072 2011 perorationem
1100 1973 1135 2002 in
1166 1971 1282 2004 media
1313 1973 1457 2016 Pompei
1489 1977 1647 2009 contione

136 2021 234 2064 ponit
258 2022 280 2063 S
303 2020 359 2056 16.
381 2040 424 2044 —
473 2028 518 2056 13.
549 2024 652 2065 quid
676 2026 802 2058 nobis
827 2029 1058 2060 conveniat
1083 2039 1174 2060 cum
1195 2029 1486 2067 advorsariis.
1518 2034 1645 2067 adhibe

137 2079 209 2114 cic.
237 2080 310 2114 Inv.
338 2080 363 2118 1,
389 2079 448 2119 31,
480 2081 635 2114 Victorin
669 2082 727 2118 64.
765 2084 819 2119 ed.
849 2084 905 2117 Or.
940 2086 1132 2119 adversarii
1163 2086 1219 2119 hie
1247 2087 1385 2121 Orestes
1418 2092 1560 2133 eiusque
1586 2093 1647 2125 de-

137 2138 294 2172 fensores
319 2145 417 2178 sunt;
452 2140 510 2181 qui
542 2151 620 2173 eum
653 2149 834 2181 accusant,
871 2144 914 2175 iis
944 2144 1028 2177 utile
1061 2151 1112 2177 est
1137 2145 1292 2178 confiteri
1316 2148 1432 2190 ipsum
1456 2156 1599 2183 matrem
1625 2162 1646 2183 a

136 2208 174 2230 se
200 2208 278 2230 esse
303 2196 536 2238 interfectam,
571 2200 634 2238 iis,
670 2201 728 2242 qui
762 2201 968 2241 defendunt,
1002 2203 1087 2235 utile
1119 2210 1170 2236 est
1202 2204 1421 2238 adversarios
1446 2207 1600 2241 confiteri
1624 2220 1645 2241 a

136 2255 409 2298 Clytaemnestra
434 2266 554 2289 necem
578 2257 710 2290 illatam
733 2260 998 2303 Agamemnoni.
1112 2268 1157 2296 14.
1187 2263 1291 2304 quid
1317 2265 1357 2295 in
1384 2271 1642 2299 controvor-

135 2315 204 2348 sia
228 2316 299 2349 sit.
351 2316 467 2354 Quint.
494 2315 568 2355 Vll,
597 2316 629 2355 l,
656 2316 694 2349 8:
724 2311 993 2362 ‘explorandum
1025 2328 1094 2359 est,
1128 2321 1188 2353 ubi
1219 2325 1455 2356 controversia
1484 2325 1640 2369 incipiat,

135 2378 168 2404 et
191 2372 405 2406 considerari
438 2373 556 2412 debet,
589 2385 676 2416 quae
708 2375 856 2420 (quid?)
886 2378 1033 2421 primam
1065 2381 1301 2420 quaestionem
1325 2375 1425 2414 facit'
1450 2382 1638 2428 (faciat?),

133 2436 180 2465 1⁷.
207 2431 310 2463 item
335 2442 354 2463 e
379 2433 614 2466 contrario.
643 2432 678 2466 h.
707 2444 738 2468 e.
766 2436 796 2467 si
823 2445 912 2476 quae
937 2436 1149 2470 adversariis
1172 2438 1273 2471 utilia
1297 2447 1406 2481 erunt,
1423 2444 1637 2477 convenient.

134 2494 378 2520 convertuntur
401 2493 516 2522 autem
539 2499 711 2533 personae
737 2498 768 2524 et
793 2495 852 2535 qui
875 2500 952 2527 ante
983 2495 1048 2527 suit
1079 2496 1322 2538 adversarius,
1358 2501 1381 2533 i.
1419 2512 1449 2535 e.
1486 2501 1637 2543 Orestes,

133 2555 225 2578 nuno
247 2545 392 2587 loquens
415 2547 602 2582 inducitur.
644 2548 736 2583 huno
767 2551 880 2585 locum
911 2555 1016 2587 etiam
1044 2554 1145 2588 Halm
1170 2557 1273 2592 Anal.
1303 2557 1394 2593 Tull.
1422 2571 1458 2603 p.
1485 2563 1521 2593 4.
1550 2568 1642 2594 reete
1670 2595 1676 2598 ,

131 2603 344 2639 emendavit.

228 2660 286 2701 16,
312 2667 340 2693 1.
389 2662 660 2699 confitentur
698 2667 741 2700 de
775 2668 1056 2703 adversariorum
1094 2674 1317 2707 concessione
1356 2675 1638 2719 intellegendum,

133 2729 222 2762 quae
255 2724 308 2753 est
335 2720 432 2753 utilis
462 2727 599 2756 nostrae
630 2727 734 2768 parti.
786 2727 1025 2762 confessiones
1056 2733 1166 2774 partis
1197 2733 1390 2766 contrariae
1422 2745 1442 2767 a
1474 2734 1637 2767 Cicerone

132 2787 238 2821 saepe
260 2776 352 2810 ultra
378 2778 570 2814 confitentis
594 2782 805 2817 voluntatem
830 2794 1010 2829 augentur,
1037 2794 1072 2820 ut
1097 2800 1133 2832 p.
1152 2789 1253 2824 Caec.
1275 2789 1332 2825 34.
1354 2785 1436 2825 ‘feci
1461 2793 1634 2834 equidem,

133 2845 221 2877 quae
251 2835 359 2876 dicis,
400 2838 518 2870 omnia
546 2837 590 2871 et'
613 2850 655 2872 ea
686 2848 766 2874 sunt
796 2850 828 2875 et
860 2845 1057 2878 turbulenta
1088 2854 1119 2878 et
1152 2850 1336 2881 'temeraria
1367 2856 1398 2881 et
1428 2851 1636 2893 periculosa.

131 2892 215 2935 quid
239 2903 322 2937 ergo
348 2896 423 2928 est?
445 2896 585 2940 impune
610 2897 690 2938 feci,
716 2909 796 2932 nam
821 2902 904 2942 quid
929 2913 1014 2945 agas
1040 2914 1174 2936 meeum
1199 2917 1244 2937 ex
1268 2908 1341 2938 iure
1368 2907 1463 2939 civili
1483 2917 1522 2939 ac
1537 2918 1638 2951 prae-

250 2964 486 2992 conmricms.
1306 2969 1350 3003 15
