1923 3182
771 185 981 223 NOTAE.
1544 176 1628 220 277

127 298 268 331 betur:
296 307 359 341 pro
382 307 422 330 eo
449 297 483 329 in
509 296 667 330 omnibus
686 296 719 328 E
744 297 914 329 invenitur
931 289 1037 328 ‘idem
1060 295 1237 338 voluptate
1262 305 1292 326 a.
1320 286 1385 337 pr.'
1402 299 1435 325 at
1457 294 1538 326 vide
1555 294 1624 326 Cie‘.

127 356 184 391 Br.
212 355 275 389 83:
304 366 407 397 quom
433 356 500 387 sint
526 356 561 387 in
587 355 731 387 dicendo
757 356 873 387 variae
897 354 1108 394 voluntates,
1138 353 1301 386 delectari
1322 352 1407 384 mihi
1429 353 1541 395 magis
1567 362 1627 384 an-

128 416 285 457 tiquitate
311 415 446 447 videtur
465 421 497 447 et
515 414 673 446 lubenter
696 402 811 445 verbis
838 413 940 445 etiam
964 413 1013 444 uti
1033 412 1150 455 paullo
1176 412 1288 454 magis
1313 412 1437 454 priscis
1461 405 1622 446 Laelius'‚

127 475 242 516 itaque
266 473 388 505 Lamb.
416 472 543 504 frustra
568 472 602 503 in
630 482 678 504 or.
698 482 734 514 p.
753 470 866 509 Quint.
886 470 931 503 93
956 463 1100 502 ‘fatetur
1127 481 1163 502 se
1190 479 1256 501 non
1280 470 1370 502 belle
1397 470 1529 511 dicere,
1558 481 1625 503 non

126 532 170 565 ad
203 532 414 564 voluntatem
447 530 540 571 loqui
573 530 688 572 posse’
721 529 765 561 ad
798 529 1010 571 voluptatem
1043 528 1272 571 praeferebat.
1396 534 1440 563 13.
1477 529 1628 561 sedata

125 599 208 623 vox
233 592 274 623 in
299 589 523 633 principio
549 587 809 620 commendatur
834 592 865 619 et
899 597 918 619 a
952 585 1020 620 Cic.
1056 586 1102 618 de
1129 597 1178 619 or.
1214 588 1276 625 ΙΙΙ,
1305 588 1372 619 ’227
1400 593 1431 619 et
1464 598 1484 619 a
1511 586 1624 625 Quint.

126 649 186 689 XI,
213 648 246 688 3,
275 648 354 682 161,
380 665 428 670 —-
479 652 522 680 14.
551 646 594 678 de
621 646 773 678 oratione
796 644 1085 688 respirationibus
1113 644 1377 688 distinguenda,
1411 656 1477 687 quo
1506 647 1549 678 sit
1575 646 1627 678 di-

126 706 242 739 lucida
269 705 501 749 pronuntiatio
526 703 572 738 cf.
602 702 716 741 Quint.
742 702 801 741 XI,
830 701 864 741 3,
891 701 950 735 33.

219 786 298 826 103,
326 792 354 820 3.
380 791 447 818 aut
473 794 684 819 sermone.
738 794 794 816 res
821 784 1014 816 contrariae
1041 784 1195 816 discerni
1228 783 1353 815 debent
1380 786 1527 828 repetita
1553 785 1625 818 dis-

126 846 278 878 iunctiva
299 844 489 888 particula,
516 854 603 885 quae
630 844 760 876 omissa
785 843 888 886 volgo
916 843 994 875 latet
1021 844 1055 874 in
1088 843 1234 875 lectione
1261 843 1336 875 cod.
1365 853 1382 875 e
1409 836 1468 875 ‘ad
1495 855 1625 876 sermo-

124 897 225 936 nem’.
276 911 304 939 9.
329 903 467 936 mire-ris
489 903 524 934 in
547 902 750 934 emblemate
775 895 991 944 ‘quoniam
1015 920 1061 925 —
1086 894 1287 934 dicemus'
1322 911 1388 933 non
1422 900 1647 935 Schiitziuml

125 961 332 1003 offendisse,
360 967 411 995 set
438 960 603 994 Orellium
630 961 784 1000 demum,
814 961 1006 993 rationibus
1032 967 1144 992 tamen
1178 970 1245 992 non
1278 959 1519 993 validissumis
1546 973 1625 1005 per-

124 1025 266 1055 motum.
318 1021 492 1053 distinctio
519 1019 679 1052 videlicet
710 1019 932 1052 firmitudinis
965 1026 996 1051 et
1034 1020 1216 1051 suavitatis
1239 1029 1306 1051 non
1335 1030 1378 1051 ex
1402 1026 1516 1052 mente
1542 1021 1627 1052 scri-

124 1079 235 1121 ptoris
260 1084 312 1111 est
336 1078 447 1117 facta,
476 1071 614 1110 ‘divisa'
640 1083 754 1110 autem
781 1083 812 1109 et
840 1070 1047 1111 ‘coniuncta'
1075 1087 1182 1120 prave
1214 1078 1329 1120 posita
1354 1083 1450 1119 sunt,
1490 1078 1549 1110 ubi
1576 1079 1627 1111 di-

124 1136 271 1168 cendum
296 1143 366 1169 erat
393 1137 433 1169 de
460 1136 670 1169 firmitudine
695 1137 881 1179 separatim
912 1142 944 1168 et
978 1136 1104 1168 deinde
1131 1137 1341 1169 coniunctim
1366 1147 1444 1168 cum
1472 1138 1628 1169 enuntia—

122 1195 216 1228 tione
243 1196 411 1227 orationis
439 1200 593 1228 tractata.
642 1187 781 1226 ‘cetera'
807 1194 850 1226 ad
876 1194 1128 1226 mollitudinem
1155 1194 1338 1226 referenda
1364 1201 1460 1233 sunt,
1489 1195 1530 1227 de
1560 1207 1627 1237 qua

122 1259 239 1286 tamen
267 1263 334 1286 non
355 1246 474 1296 ‘paulo
500 1245 600 1296 post'‚
622 1258 672 1284 set
700 1253 816 1285 statim
843 1253 1011 1295 legemus.
1052 1252 1107 1285 his
1133 1254 1291 1294 quamvis
1318 1255 1545 1296 gravissumis
1572 1256 1624 1286 vi-

121 1312 179 1344 tiis
208 1321 275 1343 non
315 1311 466 1344 offensus
499 1318 549 1344 est
581 1311 703 1349 Orelli;
738 1313 769 1343 ei
808 1312 986 1355 displicuit
1012 1311 1060 1343 nil
1086 1312 1153 1344 nisi
1178 1313 1259 1343 ista:
1283 1305 1361 1343 ‘erit
1386 1313 1514 1344 dictum
1539 1324 1624 1354 qnae

124 1370 239 1402 divisa
262 1365 362 1408 sunt’,
399 1370 490 1411 quod
516 1370 551 1401 in
585 1370 832 1412 grammaticas
852 1369 991 1411 regulas
1011 1376 1191 1412 peccarent
1212 1376 1242 1402 et
1264 1381 1523 1413 supervacanea
1546 1382 1622 1404 esse

122 1428 333 1462 viderentur.
387 1429 435 1460 sic
462 1427 606 1467 accidit,
636 1433 669 1458 nt
696 1437 803 1458 uncos
830 1429 861 1458 in
889 1428 1004 1470 priore
1037 1428 1186 1460 editione
1215 1430 1394 1471 appositos
1426 1429 1559 1462 tolleret
1589 1431 1622 1462 in

122 1487 324 1530 posteriore.
426 1492 470 1520 14.
505 1487 644 1529 igitur
676 1485 802 1517 adiecit
835 1486 943 1525 idem,
976 1487 1114 1529 opinor,
1150 1487 1208 1527 qui
1240 1487 1495 1519 incommodum
1527 1499 1620 1521 sum-

123 1545 268 1577 marium
294 1545 459 1588 ingessit,
485 1545 527 1576 de
554 1554 620 1585 quo
648 1554 752 1587 supra
778 1545 922 1586 egimus.
977 1544 1167 1577 rhetoris
1191 1546 1259 1577 nisi
1282 1545 1337 1577 hic
1364 1546 1408 1577 ad
1435 1557 1492 1579 005
1516 1552 1627 1593 respi-

122 1604 184 1641 cit,
207 1596 279 1644 ‘qui
305 1612 372 1634 11011
398 1610 473 1635 511111
502 1604 601 1635 inscii
630 1604 703 1635 eius
732 1602 872 1638 artifici,
906 1603 997 1634 unde
1028 1605 1113 1636 ratio
1140 1603 1312 1636 curandae
1336 1606 1432 1637 vocis
1460 1603 1623 1648 petatur,’

125 1661 204 1702 (20)
233 1661 393 1694 malimus
424 1662 585 1693 usitatam
624 1660 804 1693 Cornificio
840 1661 1046 1693 locutionem
1081 1663 1259 1694 restituere
1286 1655 1518 1697 ‘rhetoricam'
1541 1669 1626 1699 scri-

125 1720 255 1756 bendo,
283 1719 327 1753 cf.
356 1720 413 1754 lv.
441 1719 486 1752 69
506 1712 557 1750 ‘in
582 1718 638 1750 his
665 1719 762 1750 libris
788 1719 836 1751 nil
863 1720 1085 1762 praeteritum
1112 1727 1161 1752 est
1192 1720 1383 1754 rhetoricae
1408 1727 1625 1768 praeceptio-

125 1779 200 1818 nis,
227 1778 318 1810 adde
344 1779 400 1816 ΙΙΙ,
430 1777 462 1817 l,
488 1778 548 1816 lv,
574 1778 608 1818 4,
637 1777 695 1809 ubi
722 1778 894 1810 invenitur
914 1771 1122 1811 ‘rhetoricae
1151 1773 1258 1814 artis'.

219 1859 296 1900 104,
321 1866 350 1893 2.
379 1858 637 1902 amplificationi
662 1857 718 1890 hic
743 1865 774 1891 et
797 1860 975 1903 instigatio
1003 1868 1035 1893 et
1061 1862 1299 1895 misericordia
1323 1863 1509 1905 subicitur,
1537 1877 1623 1907 quae

123 1927 229 1960 supra
251 1918 300 1957 ΙΙ,
332 1918 376 1948 -17
413 1922 626 1958 separantur.
731 1922 776 1952 11.
810 1917 984 1951 oblivione
1015 1919 1164 1959 quadam
1194 1921 1295 1952 omisi
1321 1921 1506 1955 admonere
1534 1924 1622 1956 cla-

123 1986 238 2008 mosa
264 1975 385 2008 eodem
410 1975 484 2006 iure
507 1975 762 2017 repudiandum
790 1986 865 2007 esse
892 1982 993 2017 atque
1017 1987 1123 2019 supra
1154 1985 1170 2009 5
1192 1979 1378 2011 remissa
1406 1990 1527 2021 voce,
1562 1993 1622 2015 nec

116 2028 221 2066 ‘acri
253 2025 587 2066 vociferatione'
617 2033 756 2065 tolerari
780 2043 899 2076 posse.
958 2034 1050 2075 quod
1073 2042 1187 2067 autem
1219 2036 1358 2068 additur
1389 2048 1478 2070 cum
1511 2041 1622 2072 raris

122 2099 159 2125 et
185 2091 394 2125 brevibus
420 2091 697 2132 intervallis,
734 2091 928 2135 refragatur
951 2094 1187 2136 praeceptioni
1213 2093 1303 2125 infra
1328 2094 1428 2127 datae
1455 2096 1533 2135 106,
1564 2098 1618 2132 ll.

124 2156 286 2194 expectes
308 2151 424 2192 potius
450 2142 543 2182 ‘cum
570 2149 684 2193 longis
709 2156 740 2182 et
766 2151 896 2183 crebris
924 2144 1140 2186 intervallis.'
1172 2151 1319 2184 fortasse
1346 2152 1547 2188 Cornificius
1575 2156 1621 2187 nil

124 2209 239 2254 posuit
263 2213 400 2251 praeter
423 2207 507 2240 hoc:
534 2201 649 2242 ‘diste
686 2215 735 2240 est
769 2210 876 2241 oratio
909 2209 1071 2251 frequens
1104 2203 1319 2245 intervallis’.
1377 2212 1420 2243 in
1445 2219 1621 2245 conten-

122 2268 240 2300 tione
265 2267 474 2310 apposuisse
499 2277 540 2299 ea
565 2277 671 2299 causa
704 2268 982 2311 interpolatorem
1009 2269 1198 2308 existumo,
1234 2269 1326 2311 quod
1351 2270 1472 2302 eadem
1502 2272 1622 2314 appel-

123 2326 204 2358 latio
230 2325 480 2358 distributionis
505 2331 537 2357 et
563 2326 599 2357 in
625 2326 822 2358 dividendis
848 2328 962 2359 causis
988 2326 1171 2359 adhibetur
1195 2332 1226 2358 et
1258 2337 1327 2359 una
1355 2334 1406 2360 est
1434 2339 1476 2360 ex
1503 2329 1622 2372 figuris

122 2384 386 2423 sententiarum,
410 2382 455 2416 cf.
479 2383 504 2422 Ι,
534 2383 598 2422 17;
624 2384 683 2424 IV,
709 2386 768 2420 47,
805 2403 848 2408 —
901 2391 946 2419 17.
974 2385 1105 2417 inutilis
1132 2391 1162 2417 et
1193 2386 1381 2418 iniucunda
1407 2390 1615 2422 enumeratio
1644 2397 1650 2407 ⁶

123 2442 246 2476 similis
270 2441 324 2473 illi
348 2442 680 2483 argumentationum
707 2443 747 2482 Π,
774 2442 818 2476 30
844 2443 921 2486 (55,
948 2443 1008 2484 20)
1032 2444 1087 2475 vel
1113 2454 1132 2475 a
1159 2443 1322 2476 Schutzio
1349 2445 1469 2478 relicta
1494 2454 1556 2478 est.

219 2510 297 2549 105,
323 2516 353 2542 3.
377 2510 532 2552 dignum,
560 2511 653 2552 quod
676 2511 744 2544 huc
768 2512 994 2545 transferatur
1020 2513 1222 2552 Quintiliani
1247 2522 1468 2558 praeceptum
1492 2516 1552 2555 XI,
1580 2516 1614 2557 3,

1647 1494 1690 1527 23

123 2570 169 2603 ‘20
195 2562 246 2601 ‘ut
282 2569 349 2600 sint
375 2567 494 2600 fauces
520 2569 692 2612 integrae,
731 2570 768 2602 id
800 2577 868 2603 est:
910 2571 1033 2604 molles
1065 2582 1106 2604 ac
1139 2573 1251 2612 leves,
1292 2584 1436 2614 quarum
1465 2576 1549 2608 vitio
1585 2582 1616 2608 et
1651 2604 1656 2607 .

120 2627 290 2669 frangitur
315 2631 348 2658 et
375 2626 578 2659 obscuratur
602 2633 634 2660 et
659 2635 883 2671 exasperatur
909 2635 941 2661 et
966 2631 1132 2663 scinditur
1164 2642 1232 2664 vox
1263 2650 1311 2654 —
1343 2632 1459 2664 fauces
1485 2640 1616 2666 tumen-

119 2691 170 2717 tes
203 2684 417 2727 strangulant
449 2695 586 2725 vocem,
625 2687 767 2720 obtusae
799 2688 998 2726 obscurant.
1033 2699 1130 2721 rasae
1163 2697 1389 2733 exasperant,
1434 2692 1615 2724 convolsae

122 2743 238 2775 fractis
263 2747 342 2774 sunt
367 2744 507 2786 organis
533 2738 689 2780 similes’.
795 2751 823 2780 9.
859 2747 1060 2779 inserere
1088 2749 1117 2779 si
1151 2748 1261 2780 solum
1292 2750 1483 2791 posuisset,
1517 2760 1616 2791 prae-

121 2801 246 2844 positio
273 2799 396 2832 fuisset
421 2803 608 2835 omittenda
635 2810 713 2836 ante
730 2797 894 2836 ‘animis'
933 2807 1071 2838 insitam
1091 2807 1287 2849 opinionem
1307 2806 1475 2848 quandam
1495 2808 1616 2838 animis

122 2857 300 2890 hominum
323 2857 406 2889 dicit
433 2857 501 2890 Cic.
519 2869 554 2901 p.
575 2859 705 2892 Cluent.
726 2862 760 2896 4.
788 2879 835 2884 —
876 2868 919 2895 12.
947 2864 1242 2896 celeriuscule
1266 2864 1370 2895 Prisc.
1398 2863 1475 2894 hinc
1502 2863 1618 2895 laudat

119 2914 196 2953 611,
221 2913 279 2947 36.
310 2933 359 2938 —
383 2921 422 2947 at
448 2915 575 2949 aliud
599 2919 744 2951 otiose
768 2919 979 2953 decurtatum
1004 2921 1068 2953 hoc
1093 2931 1154 2963 pro
1182 2916 1230 2952 ''at
1255 2921 1366 2960 aliud,
1396 2921 1487 2963 quod
1509 2922 1616 2954 otiose
