1923 3182
794 206 1003 243 NOTAE.
1568 197 1648 240 271

152 320 412 352 iudicialem
439 329 566 351 causa
579 329 624 352 m.
675 318 717 351 cf.
745 319 808 357 ΙΙΙ,
834 317 872 350 17
893 311 1087 349 ‘commode
1112 316 1300 358 poterimus
1325 333 1372 338 —
1396 315 1548 347 exordiri
1574 325 1653 346 cau-

153 388 228 411 sam
263 384 319 410 ant
351 389 370 410 a
404 372 608 411 narratione’
633 384 695 409 etc.
747 377 790 409 de
822 377 997 419 prooemio
1024 380 1054 406 et
1080 375 1273 406 narratione
1300 375 1334 405 in
1357 384 1460 406 causa
1484 374 1650 405 delibera-

152 437 224 468 tiva
241 436 311 471 Cic.
331 438 422 469 Part.
445 436 486 470 13
513 437 598 469 haec
622 437 809 479 praecipit:
832 428 1020 477 ‘principia
1046 433 1099 465 vel
1124 444 1190 466 non
1218 434 1319 476 longa
1343 433 1397 465 vel
1423 443 1526 474 saepe
1550 431 1653 469 nulla,

155 501 234 527 sunt
264 497 354 528 enim
387 496 431 528 ad
466 496 674 528 audiendum
709 495 766 535 qni
800 493 989 525 deliberant
1027 503 1089 524 sua
1122 503 1225 524 causa
1251 493 1372 534 parati.
1425 502 1486 523 nec
1512 491 1653 522 multum

154 564 237 587 sane
263 565 367 598 saepe
393 555 600 587 narrandum
625 559 693 586 est:
724 558 774 585 est
802 553 891 584 enIm
918 552 1064 583 narratio
1094 556 1149 582 aut
1175 552 1435 592 praeteritarum
1463 561 1573 582 rerum
1601 556 1655 581 aut

154 614 399 656 praesentium,
422 613 539 645 suasio
564 597 677 644 autem
702 611 916 643 suttn·arum.‘
940 610 1028 642 adde
1049 610 1091 642 de
1114 610 1278 642 brevitate
1299 610 1466 652 prooemii
1482 608 1654 642 ib.97.—

250 671 315 711 88,
344 679 374 704 2.
409 672 451 703 in
487 671 699 703 rationem
731 675 863 702 tutam
902 675 1030 710 atque
1069 669 1304 701 honestam.
1362 674 1539 708 utramque
1580 668 1650 700 Cic.

156 731 304 763 ostendit
322 731 357 762 in
380 740 429 762 or.
447 730 489 762 de
507 740 560 772 pr.
581 739 674 761 cous.
698 738 799 770 quom
824 727 962 759 utilitati
989 727 1037 759 rei
1063 727 1222 770 publicae
1249 737 1329 759 suas
1356 727 1554 758 inimicitias
1579 736 1658 757 con-

157 789 280 828 donat,
306 790 350 830 §S
373 788 427 828 19,
452 788 510 828 20,
537 789 593 827 24,
619 787 675 827 30,
703 786 760 826 35,
789 787 835 820 40
860 792 892 819 et
917 797 952 830 p.
976 786 997 818 l.
1015 786 1103 821 Man,
1157 796 1257 828 quom
1281 786 1378 818 docet
1404 792 1435 817 et
1458 785 1657 827 dignitatem

156 853 188 879 et
214 847 393 879 utilitatem
419 848 469 879 rei
496 847 656 890 publicae
682 840 874 889 postulare,
908 851 942 876 ut
972 845 1157 888 Pompeius
1183 844 1274 877 bello
1301 844 1532 876 Mithridatico
1560 853 1659 885 prae—

156 905 289 937 ficiatur
310 906 355 947 §§
374 903 414 944 8,
432 905 494 944 27,
512 904 574 946 50,
591 904 635 937 53
649 929 657 943 ,
678 904 740 943 56,
760 904 817 937 64.
869 910 985 936 contra
1004 914 1066 936 nec
1085 903 1264 936 honestum
1284 913 1345 935 nec
1368 902 1584 946 impetrabile
1599 911 1659 932 nec

156 963 239 995 utile
264 964 370 995 maris
398 963 581 1006 imperium
605 962 872 995 Atheniensibus
898 973 973 995 esse
991 963 1158 995 Isocrates
1176 963 1385 994 demonstrat
1406 962 1496 1001 VIII,
1515 960 1560 993 66
1581 971 1656 1000 sqq.

157 1021 237 1054 vide
254 1021 816 1064 praetereaAuaxim.63,19.—
865 1029 892 1054 7.
919 1021 1113 1054 dilucide
1140 1020 1497 1064 magnificandae
1519 1029 1656 1051 eausa.

157 1080 331 1123 glossema
355 1081 420 1113 hoc
445 1087 513 1121 est,
541 1088 591 1114 set
617 1087 813 1124 corruptum
839 1082 907 1112 iam
934 1081 966 1112 iu
993 1080 1253 1121 antiquissumis
1272 1079 1388 1111 libris:
1416 1079 1577 1110 nimirum
1596 1071 1660 1108 ‘rei

159 1139 402 1172 dilucidandae
429 1133 539 1172 causa'
574 1140 769 1183 explicabat
799 1140 904 1172 verba
924 1133 981 1170 ‘in
1009 1132 1211 1171 docendo'
1233 1129 1529 1181 ‘magnificandae'
1557 1136 1660 1167 verba

160 1199 201 1229 iu
227 1198 413 1231 dicendo
438 1198 693 1237 honestius;
719 1208 784 1230 non
809 1199 892 1230 satis
915 1198 1005 1229 clare
1030 1198 1198 1229 sententia
1221 1197 1437 1239 simplicibus
1461 1195 1607 1228 docendi
1631 1200 1661 1225 et

160 1256 297 1289 dicendi
327 1257 504 1289 vocabulis
532 1257 721 1300 significari
744 1257 935 1289 videbatur.
1035 1262 1078 1288 11.
1107 1257 1147 1287 in
1175 1256 1365 1288 diceudo
1393 1255 1481 1287 male
1514 1255 1662 1286 editores

161 1325 278 1347 omnes
297 1326 373 1347 cum
393 1316 630 1358 superioribus
655 1317 903 1348 coniunxerunt
936 1316 1212 1358 coniungendum
1246 1316 1372 1347 omissa
1405 1314 1658 1357 praepositione

161 1384 238 1405 cum
263 1373 610 1406 confirmatione
635 1380 673 1406 et
698 1374 1016 1406 confutatione:
1047 1374 1110 1405 hae
1136 1374 1225 1406 enim
1250 1374 1411 1405 orationis
1432 1378 1547 1415 partes
1566 1372 1659 1403 solae

160 1432 398 1476 significantur
422 1432 594 1465 dicendi
619 1434 742 1473 verbo,
772 1438 872 1474 atque
896 1434 945 1465 sic
967 1433 1008 1464 ab
1037 1433 1178 1465 exordio
1205 1433 1397 1464 narratione
1430 1437 1460 1464 et
1491 1431 1660 1463 divisione

161 1492 430 1535 distinguuntur.
472 1491 516 1526 cf.
537 1502 623 1533 quae
643 1492 744 1525 modo
764 1492 923 1535 legimus,
944 1503 995 1525 vs.
1012 1491 1044 1526 3.
1064 1485 1259 1532 ‘utrumque
1275 1491 1515 1534 pollicebimur
1536 1490 1589 1532 (in
1610 1490 1662 1521 di—

162 1551 314 1592 visione)
346 1560 408 1583 nos
444 1551 477 1581 in
511 1550 655 1582 diceudo
689 1550 981 1582 demonstraturos
1015 1561 1108 1589 esse,
1139 1552 1168 1582 si
1202 1550 1365 1589 alterum,
1406 1549 1497 1590 quod
1538 1548 1660 1580 dicturi

163 1619 296 1648 sumus,
319 1602 562 1640 ostendemus?
613 1619 675 1641 nee
700 1609 798 1641 aliter
823 1609 1003 1652 intellegas
1026 1609 1130 1641 verba
1160 1609 1214 1647 11,
1240 1608 1273 1641 9.
1326 1609 1410 1641 ratio
1437 1609 1510 1640 eius
1535 1608 1582 1639 rei
1601 1617 1662 1648 pe-

159 1667 264 1700 tenda
288 1678 331 1699 ex
357 1667 415 1706 16,
445 1667 486 1699 12
505 1677 581 1708 sqq.
600 1685 646 1690 —-
696 1673 738 1699 12.
767 1674 809 1699 ut
836 1668 949 1699 enim
976 1668 1009 1698 in
1037 1668 1153 1699 multis
1179 1667 1281 1699 codd.
1310 1667 1450 1707 excidit,
1478 1666 1558 1698 iude
1584 1672 1661 1696 nata

161 1726 352 1769 corruptio,
387 1731 424 1757 ut
455 1736 475 1757 a
506 1726 610 1758 verbo
646 1732 810 1758 utemur
836 1726 965 1758 relicua
990 1727 1194 1769 penderent,
1220 1726 1470 1757 constructione
1498 1729 1661 1761 contorta,

161 1794 265 1816 sensu
289 1785 414 1827 partim
440 1795 567 1827 pravo,
596 1786 720 1827 partim
749 1785 859 1817 inani:
890 1786 1069 1817 contrariis
1104 1786 1194 1817 enim
1221 1785 1305 1817 locis
1337 1794 1404 1816 non
1430 1784 1498 1826 ipsi
1526 1784 1662 1820 utimur,

161 1843 287 1874 nostris
312 1847 424 1875 autern
448 1853 510 1875 nos
538 1844 588 1875 uti
610 1854 672 1886 per
697 1854 733 1876 se
759 1843 980 1886 intellegitur,

257 1899 319 1939 89,
353 1906 379 1932 1.
413 1901 455 1933 de
490 1901 688 1934 discrimine
720 1907 809 1934 tutae
836 1908 867 1934 et
893 1901 1056 1934 honestae
1087 1903 1226 1934 rationis
1248 1901 1375 1934 diserte
1400 1900 1567 1943 praecipit
1594 1899 1662 1931 Cic.

163 1958 252 1990 Part.
271 1956 330 1996 89,
352 1957 409 1991 96.
461 1961 695 1999 quaestionem
718 1967 830 1991 autem
855 1959 896 1991 de
920 1960 995 1992 utili
1014 1970 1041 1991 s.
1063 1966 1134 1991 tuta
1157 1961 1286 1992 ratione
1312 1960 1392 1992 vide
1415 1962 1571 1991 accurate
1595 1957 1664 1988 dis-

164 2017 325 2049 tributam
351 2017 392 2049 ab
418 2017 577 2059 Hermog.
600 2026 638 2048 π.
662 2025 715 2051 στ,
735 2016 798 2055 49,
823 2016 882 2048 ubi
909 2017 1092 2059 legendum
1114 2028 1163 2049 vs.
1190 2017 1248 2049 l9:
1287 2012 1322 2048 εἰ
1339 2011 1382 2048 δὲ
1398 2011 1449 2058 μή
1470 2009 1664 2057 ἑλοίμεθα,

163 2068 210 2106 τὰ
235 2068 304 2116 μὲν
328 2067 553 2116 ὑπάρχοντα
578 2066 709 2115 ἀγαθὰ
735 2067 955 2113 ἀπολεῖται,
985 2068 1030 2106 τὰ
1056 2067 1094 2106 δ’
1119 2068 1190 2106 οὐκ
1219 2067 1312 2107 ὄντα
1342 2072 1430 2116 μέν,
1458 2067 1666 2115 προσγενό-

165 2141 261 2175 μενα
285 2126 324 2164 δ’
351 2125 400 2164 ἂν
425 2132 489 2175 (ef.
519 2132 583 2171 51,
610 2130 647 2173 8)
676 2124 721 2163 οὗ
748 2127 966 2173 προσέσται,
1018 2143 1080 2175 pro
1115 2143 1153 2164 ea
1182 2134 1407 2164 Aristocrates
1433 2132 1499 2163 sibi
1524 2131 1666 2162 videba-

165 2197 220 2223 tur
244 2193 456 2235 rogationem
482 2191 614 2229 tulisse,
645 2190 810 2222 refutatur
835 2201 854 2222 a
872 2191 1045 2223 Demosth.
1067 2191 1195 2229 XXIII,
1222 2191 1287 2223 102
1307 2201 1381 2232 sqq.
1434 2201 1509 2222 eam
1535 2196 1665 2232 partem

167 2251 381 2284 extrinsecus
406 2250 548 2292 petitam
574 2249 822 2291 technographi
847 2250 1051 2281 contendunt
1077 2249 1121 2281 cf.
1149 2250 1232 2285 vll,
1262 2249 1325 2282 165
1349 2255 1379 2281 et
1409 2248 1496 2282 1303
1523 2249 1577 2282 ed.
1605 2248 1662 2282 W.

168 2318 357 2351 anonymus
400 2315 432 2340 et
470 2308 572 2350 Greg.
611 2307 685 2341 Cor.
745 2314 777 2339 at
816 2307 919 2350 plane
954 2309 1148 2340 necessaria
1181 2315 1249 2340 erat
1283 2308 1367 2340 haec
1396 2308 1568 2350 expositio
1598 2304 1666 2338 τοῦ

169 2359 410 2408 ἀσυμφόρου.
442 2383 486 2388 —
559 2374 585 2399 6.
621 2367 669 2398 sic
705 2366 774 2400 Cic.
812 2367 853 2398 de
885 2377 933 2398 or.
969 2366 1124 2403 11‚33-t:
1155 2361 1273 2398 ‘vincit
1298 2366 1427 2397 utilitas
1454 2365 1667 2408 plerumque,

170 2435 272 2466 quom
297 2425 414 2456 subest
439 2424 497 2456 ille
522 2425 642 2463 timor,
673 2435 713 2457 ea
734 2425 889 2468 neglecta
914 2436 956 2456 ne
983 2426 1183 2467 dignitatem
1211 2425 1347 2465 quidem
1374 2434 1476 2467 posse
1502 2416 1665 2456 1‘cti11eri.’

169 2490 198 2516 9.
224 2493 285 2526 pro
310 2483 454 2515 honesta
479 2484 611 2516 ratione
636 2484 768 2526 passim
790 2483 966 2516 Demosth.
989 2484 1058 2525 agit
1086 2485 1118 2514 in
1143 2483 1309 2526 Leptinea
1325 2483 1425 2526 (XX)
1447 2483 1494 2514 ibi
1520 2482 1564 2517 cs.
1587 2482 1663 2519 126,

171 2543 273 2574 etiam
302 2541 355 2582 10,
385 2539 439 2581 13,
462 2545 637 2582 praeterea
663 2540 837 2573 Theonein
860 2543 884 2579 Ι,
912 2542 989 2575 156.
1009 2559 1055 2563 —
1116 2547 1159 2572 13.
1194 2541 1515 2583 turpitudinem
1553 2550 1667 2572 corru*

172 2606 267 2642 ptum
303 2600 337 2630 in
374 2597 602 2640 turpitudo
635 2599 751 2640 genuit
786 2599 1081 2641 interpolationem
1109 2599 1414 2637 considet-arm
1446 2599 1540 2630 illam
1567 2584 1668 2630 intell„

173 2662 306 2700 pretare
332 2654 490 2688 δειλίαν.
540 2657 654 2688 statim
680 2656 762 2699 (90,
791 2657 827 2698 3)
855 2668 894 2689 eo
919 2668 1020 2689 seusu
1049 2658 1232 2700 opponitur
1253 2651 1326 2698 ‘qni
1352 2658 1546 2700 turpiter
1574 2649 1668 2688 vivit'

173 2715 205 2746 ei
226 2707 301 2755 ‘qui
325 2707 491 2753 honeste’,
517 2714 641 2746 locutio
670 2721 782 2747 autem
809 2716 897 2748 redit
923 2716 1012 2747 infra
1036 2715 1101 2758 95,
1128 2717 1162 2749 4.

266 2770 332 2810 90,
358 2777 386 2806 3.
415 2772 538 2804 similis
564 2773 731 2804 sententia
758 2779 806 2805 est
832 2779 914 2816 aput
942 2773 1009 2806 Cic.
1041 2784 1075 2816 p.
1102 2774 1190 2808 Sest.
1222 2773 1306 2812 1003
1339 2772 1459 2805 Senec.
1490 2771 1588 2804 Suas.
1628 2771 1668 2802 12

175 2829 229 2861 ed.
261 2829 340 2871 Bip.
368 2834 400 2861 et
425 2828 489 2869 34,
515 2840 579 2870 quo
607 2830 680 2862 loco
706 2831 811 2863 verba
836 2831 992 2863 Latronis
1016 2826 1096 2863 ‘non
1128 2832 1278 2864 futurum
1307 2831 1406 2863 fidele
1437 2832 1524 2861 vitae
1561 2831 1668 2871 impe-

175 2892 282 2919 tratae
307 2880 518 2918 beneficium'
544 2888 699 2920 conferes
724 2900 799 2920 cum
823 2891 928 2921 nostri
954 2891 1062 2921 dicto:
1091 2901 1151 2921 uec
1177 2900 1252 2921 csse
1276 2889 1490 2930 exploratum
1516 2905 1561 2909 —
1588 2898 1669 2918 veu-

175 2950 270 2977 turos
297 2943 369 2983 (89,
399 2945 470 2984 14).
493 2961 539 2968 ——
593 2953 621 2979 5.
651 2957 773 2987 quam
799 2947 997 2988 pluruma
1022 2965 1069 2970 -
1094 2947 1289 2988 exempla
1316 2946 1524 2987 proferre.
1578 2946 1670 2976 Aua-

1691 2483 1712 2514 9
