1923 3182
787 181 1000 219 NOTAE.
1559 169 1644 214 287

142 291 227 336 143,
253 293 335 327 262.
367 310 415 315 -—
463 298 508 325 12.
542 291 784 325 soloecismum
811 292 1022 335 descriptum
1054 291 1134 323 vide
1168 289 1236 323 Cic.
1273 290 1363 323 Part.
1392 288 1453 330 18,
1483 288 1644 321 Anaxim.

142 352 201 395 51,
228 351 262 385 9.
372 358 416 384 13.
443 362 486 384 ex
511 357 730 395 optumorum
755 351 920 385 librorum
943 351 1018 392 Ιιρπ
1039 342 1280 393 ‘superius'
1306 349 1452 381 lectione
1477 358 1567 380 nunc
1590 357 1647 379 eo-

141 411 290 443 nicimus
308 403 370 444 ‘ad
395 404 565 455 superius'
591 411 701 444 fuisse
726 411 768 443 ab
805 417 943 443 auctore
977 411 1154 453 scriptum.
1177 427 1224 432 —
1273 415 1317 441 15.
1344 408 1426 440 hinc
1452 407 1577 449 liquet,
1603 405 1646 437 de

141 475 214 502 arte
238 471 465 514 grammatica
490 470 615 502 librum
640 470 742 502 edere
768 469 922 502 voluisse
944 468 1180 505 Coruifieium;
1208 477 1273 500 11011
1297 467 1527 508 consequitur,
1556 465 1648 507 quod

140 539 251 572 nuper
276 539 343 561 van
369 529 507 563 Heusde
535 529 675 568 statuit,
700 527 837 560 Aelium
864 526 1031 559 Stilonem
1054 526 1176 558 horum
1202 525 1463 558 Rhetorieorum
1490 536 1566 558 esse
1588 535 1649 556 au-

141 593 281 621 ctorem.
382 593 426 620 17.
466 587 650 620 usitatis
689 586 838 619 verbis
873 592 911 618 ct
954 586 1153 629 propriis
1185 586 1253 617 iarn
1281 585 1442 619 Anaxim.
1478 585 1647 628 praecipit

141 648 199 686 51,
226 647 265 680 3:
292 643 448 688 πρῶτον
472 639 542 687 μὲν
567 635 638 676 οὖν
660 637 822 687 ὀνόμαζε
846 644 929 682 τοῖς
955 639 1116 681 οἰκείοις
1141 636 1328 685 ὀνόμασιν
1356 635 1428 675 ὅτι
1454 635 1503 676 ἂν
1527 638 1647 686 λέγῃς,

142 698 364 746 διαφεύγων
389 698 432 736 τὸ
457 696 689 747 ἀμφίβολον.
745 703 870 736 deiude
897 703 967 737 Cic.
1000 702 1056 738 Or.
1083 702 1130 735 80
1160 702 1312 745 simplex
1345 702 1500 738 (ornatus
1527 702 1650 734 verbo-

143 763 237 802 rum)
261 764 424 806 probatur
449 763 484 794 in
510 763 664 805 propriis
690 763 895 803 usitatisque
918 762 1053 801 verbis,
1083 761 1175 803 quod
1200 767 1257 793 aut
1282 768 1421 804 optume
1446 767 1567 794 sonant
1594 766 1651 793 aut

143 831 214 854 rem
240 831 402 854 maxume
435 814 633 864 explanant'
663 827 780 853 contra
812 821 922 860 idom,
951 821 1009 852 ubi
1037 820 1079 852 de
1109 820 1207 863 gravi
1242 821 1407 853 orationis
1442 820 1551 863 figura
1579 820 1650 862 agit

142 879 232 910 Part.
259 880 322 912 54:
345 873 487 923 ‘augent
512 881 616 912 etiam
641 879 750 912 relata
776 879 882 912 verba
909 880 1030 911 iterata
1055 878 1230 921 duplicata
1254 896 1300 901 —-
1328 878 1536 919 omninoque
1560 889 1648 910 sem-

142 947 204 980 per
231 937 346 980 [quasi
372 938 540 971 naturalis
566 938 610 980 et]
641 949 707 970 non
735 938 919 982 explanata
947 938 1074 975 oratio,
1114 942 1165 970 set
1190 937 1357 980 gravibus
1383 936 1506 969 referta
1536 937 1651 968 verbis

142 995 188 1027 ad
219 997 417 1039 augendum
450 990 772 1032 adcommodatior'‚
830 996 954 1028 inclusi
987 996 1110 1034 verba,
1151 1005 1238 1038 quae
1269 995 1464 1038 explicant,
1491 995 1574 1037 quid
1607 995 1650 1027 sit

136 1046 361 1097 ‘explanata'.
459 1062 505 1088 21.
534 1056 577 1088 de
603 1057 856 1089 constructione
878 1056 1062 1088 verborum
1088 1056 1295 1088 brevissunti
1319 1061 1396 1087 sunt
1413 1055 1649 1087 Anaximenes

143 1118 175 1144 et
200 1111 422 1154 Cornificius,
448 1124 488 1146 eo
516 1114 615 1157 plura
642 1114 772 1157 profert
800 1114 869 1146 Cic.
898 1114 940 1146 de
968 1124 1016 1146 or.
1046 1115 1103 1151 ΙΙΙ,
1134 1114 1197 1146 171
1225 1125 1300 1156 sqq.
1328 1114 1384 1149 Or,
1417 1113 1482 1147 140
1509 1125 1584 1156 sqq.

230 1172 319 1220 ⁸142,
347 1179 374 1205 1.
402 1173 516 1205 hiatus
541 1173 674 1206 vitandi
699 1180 923 1218 praeceptum
950 1173 1052 1206 habet
1077 1175 1188 1206 Anax.
1219 1175 1276 1212 51,
1303 1175 1344 1212 4,
1367 1175 1470 1206 etiam
1496 1173 1560 1212 49,
1592 1174 1651 1208 12:

142 1231 254 1274 tangit
278 1231 348 1265 Cic.
379 1232 470 1265 Part.
496 1232 553 1266 21.
586 1251 635 1256 —
683 1238 710 1265 3.
737 1233 822 1266 bene
849 1234 997 1265 correxit
1030 1233 1142 1267 Halm.
1170 1233 1317 1265 aeriae
1346 1226 1397 1266 Ἶι.
1427 1244 1457 1267 e.
1488 1233 1593 1264 bacae
1619 1233 1652 1264 in

144 1300 224 1322 aere
249 1284 461 1333 pendentes’.
562 1298 608 1326 15.
637 1292 869 1325 verborum
897 1292 1262 1325 transiectionem
1290 1292 1392 1324 etiam
1420 1292 1581 1323 Anaxim.
1603 1292 1654 1322 vi-

144 1349 284 1382 tandam
311 1355 427 1383 censet
453 1350 510 1389 51,
540 1351 572 1383 7.

244 1409 324 1449 143,
347 1415 376 1444 2.
401 1409 598 1441 Lachmann
624 1409 695 1440 ind.
724 1408 800 1441 leet.
829 1409 924 1443 univ.
954 1408 1067 1440 Berol.
1099 1407 1207 1447 1849,
1240 1418 1275 1450 p.
1313 1408 1334 1440 5
1361 1408 1480 1441 scribit
1508 1401 1558 1440 ‘in
1584 1409 1656 1451 pri-

145 1479 242 1503 more
269 1469 377 1501 libro:
415 1468 498 1510 has,
526 1467 621 1507 Aeli,
656 1478 714 1500 res
736 1468 780 1499 ad
807 1473 839 1499 te
864 1468 1012 1510 scriptas
1038 1460 1188 1500 misimu'
1215 1458 1322 1501 Luei’.
1375 1467 1417 1498 de
1443 1467 1563 1499 eodem
1589 1467 1654 1499 hoc

148 1528 222 1560 1000
253 1526 399 1560 Gerlach
421 1527 492 1570 egit
517 1526 676 1570 Prolegg.
704 1527 748 1558 ad
771 1526 883 1561 Lucil.
911 1537 946 1570 p.
977 1526 1122 1558 XXXV.
1157 1544 1204 1548 -
1253 1532 1281 1560 4.
1311 1526 1413 1557 item
1439 1544 1486 1548 ——
1509 1527 1655 1557 conti-

146 1587 411 1619 nuationem.
470 1584 517 1620 cf.
552 1585 622 1618 Cic.
658 1586 749 1617 Part.
786 1587 850 1624 21,
891 1587 949 1627 qui
985 1587 1017 1617 in
1049 1586 1148 1617 suavi
1183 1585 1320 1617 dicendi
1353 1596 1479 1628 genere
1506 1585 1655 1628 postulat

148 1646 423 1678 coniunctionem
446 1637 548 1686 ‘quae
575 1645 620 1677 sit
643 1646 903 1688 circumscripta
924 1654 990 1676 11011
1019 1644 1121 1687 longo
1149 1643 1323 1682 anfractu,
1351 1650 1402 1676 set
1429 1644 1473 1676 ad
1495 1645 1655 1687 spiritum

152 1705 250 1737 vocis
281 1693 388 1747 apto’.
510 1709 539 1737 S.
571 1703 770 1746 dignitas
803 1721 849 1725 —-
874 1702 1101 1736 dividitur
1133 1702 1293 1735 similiter
1325 1701 1395 1734 Cic.
1430 1703 1502 1735 Inv.
1531 1704 1582 1742 ΙΙ,
1610 1702 1656 1736 ⁴9

144 1757 276 1796 ‘omnia
302 1772 390 1804 quae
415 1762 450 1793 in
475 1762 674 1795 inventione
695 1762 881 1795 verborum
908 1768 939 1794 et
965 1762 1209 1795 sententiarum
1236 1761 1369 1802 aliquid
1392 1761 1518 1794 habent
1544 1762 1657 1805 digui-

147 1822 248 1860 tatis,
275 1822 310 1853 in
335 1821 527 1854 communis
553 1820 645 1853 locos
672 1813 916 1854 conferuntur'.
954 1821 1077 1854 eodem
1099 1826 1255 1863 spectant
1281 1820 1323 1852 de
1345 1830 1394 1855 or,
1418 1820 1457 1859 11,
1479 1819 1536 1860 36,
1560 1821 1654 1856 Brut.

148 1879 207 1919 69,
238 1879 316 1918 141,
344 1880 425 1912 275.
453 1898 499 1903 -
548 1885 594 1914 13.
623 1879 752 1912 Schiitz
781 1879 1011 1923 deprehendit
1044 1879 1204 1912 lacunam
1233 1879 1269 1912 h.
1301 1879 1324 1911 l.
1360 1880 1530 1921 quaedam
1565 1882 1658 1912 exci-

150 1939 245 1971 disse
269 1947 434 1976 mouens,
462 1930 603 1978 ‘quibus
629 1939 794 1972 transitus
821 1939 866 1970 ad
890 1938 1048 1982 singulas
1074 1938 1259 1971 verborum
1285 1940 1526 1972 exornationes
1551 1941 1659 1972 conti-

152 1989 319 2030 nebatur’.
372 1995 539 2028 fortasse:
569 1990 628 2029 ‘de
653 1997 839 2030 verborum
865 1997 1151 2030 exornationibus
1182 1998 1332 2039 primum
1359 1991 1522 2030 dicemus'
1550 1999 1608 2030 cft.
1626 2010 1655 2033 c.

151 2056 198 2090 34
212 2061 298 2090 extr.
316 2053 417 2099 (178,
434 2054 497 2097 13)
546 2061 590 2087 14.
614 2056 828 2098 repetitio
853 2055 993 2088 Graecis
1012 2055 1220 2095 rhetoribus,
1248 2055 1448 2089 Alexandro
1463 2058 1553 2100 VIII,
1572 2059 1652 2095 446,

150 2115 291 2147 Tiberio
317 2112 397 2153 558,
420 2112 691 2146 Phoebammoni
716 2114 761 2146 al.
789 2107 1020 2156 ἐπαναφορὰ
1046 2115 1138 2147 dieta
1165 2115 1370 2147 describitur
1393 2125 1413 2147 a
1439 2114 1507 2147 Cic.
1537 2116 1579 2148 dc
1606 2127 1655 2149 or.

152 2175 211 2214 111,
238 2172 320 2213 206,
345 2172 406 2204 ubi
431 2172 520 2205 inter
543 2172 673 2216 figuras
699 2179 875 2216 comparet
895 2166 1065 2205 ‘eiusdem
1092 2173 1189 2205 verbi
1214 2173 1335 2205 crebra
1352 2192 1400 2197 —
1425 2184 1444 2206 a
1469 2175 1581 2218 primo
1608 2186 1659 2207 re—

153 2225 295 2276 petitio';
323 2232 414 2264 Part.
435 2230 478 2263 21
501 2224 690 2273 ‘relataque
711 2232 755 2264 ad
775 2232 867 2264 idem
891 2232 1036 2264 verbum
1064 2225 1258 2275 ponantur';
1286 2231 1342 2266 Or.
1368 2231 1432 2265 135
1453 2226 1512 2265 ‘ab
1539 2234 1660 2267 eodem

152 2291 258 2323 verbo
284 2291 420 2324 ducitur
443 2291 585 2334 saepius
609 2284 739 2329 oratio’;
766 2301 787 2323 a
814 2290 927 2329 Quint.
956 2291 1016 2329 IX,
1044 2290 1076 2333 3,
1105 2290 1168 2324 30:
1197 2284 1255 2323 ‘ab
1284 2291 1393 2323 isdem
1418 2292 1532 2324 verbis
1562 2293 1662 2335 plura

152 2351 276 2383 acriter
299 2354 332 2382 et
355 2349 522 2382 instanter
548 2342 742 2392 incipiunt'.
795 2350 916 2382 Rutilii
949 2349 1040 2394 Lupi
1068 2350 1176 2382 verba
1201 2350 1235 2389 I,
1259 2349 1280 2382 6
1312 2350 1360 2382 ita
1386 2350 1548 2394 legerim:
1571 2345 1661 2395 ‘epi—

154 2408 244 2441 bole.
294 2407 361 2441 hoc
385 2407 527 2440 schema
549 2408 736 2451 dupliciter
761 2407 838 2441 fieri
863 2409 1062 2447 consuevit,
1092 2419 1195 2450 quom
1220 2409 1379 2451 pluribus
1403 2410 1576 2443 similibus
1604 2416 1661 2442 aut

154 2467 304 2500 diversis
329 2467 508 2499 sententiis
531 2477 636 2499 unum
662 2473 694 2500 et
719 2467 811 2500 idem
836 2468 981 2500 verbum
1006 2468 1155 2510 singulis
1182 2468 1407 2511 praeponitur
1432 2474 1489 2501 aut
1513 2470 1662 2502 varietas

153 2525 351 2564 verborum,
380 2535 467 2566 quae
488 2530 602 2558 tamen
627 2526 774 2558 eandem
798 2526 870 2558 vim
897 2527 984 2558 inter
1010 2536 1047 2558 se
1073 2519 1209 2559 habent'
1236 2520 1297 2569 (τὸ
1322 2521 1598 2570 ἰσοδυναμοῦν,
1626 2533 1662 2559 ut

156 2590 208 2617 est
233 2589 317 2627 aput
340 2583 578 2617 Alexandrum
604 2585 628 2620 l.
657 2583 720 2626 c.).
772 2585 887 2617 adieci
903 2578 1095 2618 ‘similibus
1113 2578 1180 2617 aut'
1208 2585 1343 2618 videtur
1363 2586 1453 2618 enim
1478 2587 1571 2619 idem
1594 2586 1661 2618 diei

157 2642 251 2683 quod
275 2652 297 2674 a
320 2647 437 2675 nostro
462 2653 517 2678 vs.
544 2643 588 2677 15
613 2636 664 2675 ‘in
689 2643 792 2676 rebus
814 2643 988 2676 similibus
1016 2649 1048 2676 et
1073 2637 1247 2679 diversis'.
1346 2651 1391 2679 15.
1417 2655 1488 2678 res
1515 2646 1663 2677 divor-

158 2711 234 2733 sae
257 2699 316 2732 hic
341 2706 420 2734 sunt
447 2701 540 2734 idem
566 2711 606 2734 ac
632 2702 834 2735 contrariae.
931 2708 978 2737 20.
1002 2708 1048 2735 tu
1073 2721 1121 2726 —
1152 2705 1340 2736 conaris.
1392 2704 1495 2746 plane
1520 2704 1570 2735 sic
1596 2704 1663 2735 De-

158 2758 282 2792 mosth.
306 2758 402 2798 LVI,
430 2759 461 2791 1.
519 2760 682 2803 exempla
705 2762 922 2804 repetitionis
955 2763 1090 2804 passim
1114 2763 1353 2801 inveniuntur,
1389 2762 1432 2794 ef.
1469 2762 1568 2794 Dem.
1602 2763 1663 2799 IV,

158 2819 217 2856 44,
242 2817 335 2855 VIII,
354 2817 412 2857 65,
439 2818 501 2857 1Χ,
519 2818 585 2857 66;
611 2829 668 2862 ap.
691 2819 761 2852 Cic.
782 2831 859 2852 cum
881 2820 1157 2854 homoeoteleuto
1180 2822 1278 2853 Verr.
1303 2822 1344 2858 ΙΙ,
1369 2821 1402 2858 5,
1430 2819 1474 2852 58
1500 2830 1577 2851 011111
1604 2830 1667 2850 ex-

159 2875 335 2919 peditione
359 2886 396 2918 p.
422 2875 515 2911 Coel.
544 2875 589 2910 53
615 2887 669 2918 sq.
705 2889 783 2910 cum
809 2878 1079 2912 conformatione
1107 2879 1179 2913 Cat.
1206 2880 1266 2918 IV,
1297 2878 1359 2916 183
1392 2878 1536 2920 figuram
1566 2880 1667 2910 resti-

159 2936 209 2966 tui
235 2943 284 2966 or.
311 2944 348 2977 p.
377 2933 477 2967 eaeo.
502 2934 561 2975 65,
587 2935 633 2968 cr.
660 2946 766 2979 supra
789 2937 833 2969 ad
855 2937 914 2978 40,
940 2936 974 2970 9.

1682 1051 1721 1083 18

1684 2058 1727 2090 19
