1923 3182
775 207 981 244 NOTAE.
1546 202 1629 246 273

128 317 399 352 continebantur.
498 323 545 349 11.
573 319 679 351 verba
702 311 841 360 ‘quibus
866 318 1055 351 maioribus
1082 324 1180 350 natus
1203 311 1255 350 sit'
1281 320 1400 362 spuria
1427 318 1546 351 habuit
1567 319 1629 350 Er-

127 377 234 415 nesti,
257 376 524 408 assentientibus
551 375 714 408 Schiitzio
737 383 768 409 et
793 376 936 409 Orellio:
978 376 1075 408 latuit
1102 386 1183 419 ergo
1208 385 1284 414 eos,
1314 377 1443 409 nullam
1469 378 1518 408 sic
1541 377 1629 409 rela-

128 434 256 466 tionem
287 433 435 474 relinqui
469 434 564 466 istis:
603 444 751 477 parem
778 453 824 459 -—
862 433 1158 466 excelsiorem
1192 433 1345 466 fuisse.
1399 434 1491 475 quod
1517 440 1629 466 autem

129 502 149 523 a
173 502 299 535 genere
325 492 502 525 exorditur
528 493 685 535 laudem,
725 493 816 525 idem
840 492 991 536 postulat
1024 492 1186 523 Anaxim.
1213 491 1277 531 68,
1312 493 1376 531 20,
1408 495 1629 535 sequiturque

127 550 230 582 Isocr.
258 549 316 590 IX,
346 551 401 583 12.
430 569 473 574 --
523 556 568 583 13.
590 551 633 583 cf.
664 552 824 586 Anaxim.
852 550 910 590 69,
936 550 992 584 20.
1027 543 1094 580 ἐὰν
1120 545 1161 581 δὲ
1186 544 1307 592 μηδὲν
1332 543 1409 582 ἀπὸ
1436 549 1512 582 τῶν
1538 561 1629 592 προ·

126 602 252 650 γόνων
275 604 437 648 ἔνδοξον
462 602 639 652 ὑπάρχῃ,
666 606 765 651 λέγε,
793 603 844 647 ὥς
863 602 981 646 αὐτός
1007 601 1083 640 ἔστι
1113 610 1303 650 γενναῖος.
1356 609 1398 642 de
1426 610 1629 653 genealogia

127 668 303 701 tractanda
325 668 418 701 idem
439 668 545 701 multo
567 668 736 710 prolixior
759 674 810 701 est
835 678 937 709 quam
961 667 1091 700 Cornif.
1121 668 1163 699 de
1189 668 1390 700 educatione
1412 675 1524 700 autem
1551 669 1627 700 bre-

125 727 290 759 vissimus
316 727 392 769 (70,
418 726 470 769 8).
498 744 546 749 -
596 732 639 758 16.
668 737 791 767 quam
819 726 1000 759 honeste
1027 744 1072 750 —
1096 725 1240 759 fuerit.
1293 728 1485 770 recepimus
1511 727 1628 758 lectio-

126 794 204 817 nem
221 785 386 818 librorum
409 795 477 818 non
502 790 737 827 optumorum‚
766 787 895 828 quippe
922 785 1003 817 haut
1030 784 1153 818 offensi
1175 787 1339 818 varietate
1364 792 1565 824 structurae,
1592 792 1626 816 ut

124 843 260 876 Ernesti
283 849 316 876 et
340 843 480 879 Schiitz.

219 901 332 942 94,1.
369 904 410 935 iu
441 903 770 946 vituperatione
798 902 895 934 inde
925 901 1158 934 detrahere
1194 908 1382 944 oportet.
1429 901 1473 934 cf.
1504 903 1536 935 1.
1582 902 1623 935 18

127 958 200 1003 (16,
232 960 292 1003 18)
319 955 403 993 ‘non
432 966 468 992 ut
493 961 535 993 de
567 961 706 994 illorum
739 961 922 1002 quicquam
956 960 1149 992 detraheret
1183 953 1403 994 inventione'.
1456 961 1626 1003 ignoratio

126 1017 294 1052 formulae
323 1019 433 1052 malas
467 1019 635 1061 quasdam
672 1020 877 1051 mutationes
910 1018 1011 1051 codd.
1048 1019 1200 1062 peperit,
1241 1028 1344 1059 quom
1374 1019 1408 1050 in
1441 1020 1628 1051 secundani

127 1076 293 1110 familiam
314 1078 447 1110 illatum
475 1084 525 1110 est
546 1071 642 1110 ‘iude
671 1079 857 1110 retraxisse
883 1070 1012 1120 aperte’
1042 1079 1115 1110 sive
1138 1071 1233 1110 ‘inde
1260 1088 1297 1110 se
1329 1088 1355 1109 r.
1385 1070 1512 1120 aperte’
1536 1078 1628 1119 quod

126 1135 229 1167 etiam
255 1137 290 1168 in
311 1138 445 1169 tertiam
471 1138 640 1175 manavit,
669 1137 703 1168 in
728 1136 805 1168 cod.
829 1147 849 1167 r
873 1142 1002 1168 autem:
1024 1129 1163 1168 ‘deinde
1189 1137 1334 1168 transire
1360 1129 1515 1178 oportet',
1535 1136 1628 1177 quod

125 1196 355 1227 necessariam
389 1195 540 1228 reddidit
579 1196 805 1228 adiectionem
847 1195 1029 1228 verborum
1068 1188 1102 1227 ee
1145 1188 1326 1227 contrario'
1361 1201 1439 1238 post
1480 1187 1628 1237 ‘vitupe-

126 1245 220 1285 ratio'
249 1259 428 1295 utramque
453 1254 684 1297 corruptelam
710 1253 837 1285 habeut
858 1264 929 1295 οφ,
972 1254 1098 1286 deinde
1124 1254 1206 1286 editi
1239 1254 1317 1285 libri
1351 1254 1447 1286 varie
1479 1253 1542 1286 has
1569 1253 1631 1285 de—

126 1313 345 1354 pravationes
380 1314 602 1347 miscuerunt.
663 1313 862 1356 exemplum
894 1313 974 1345 talis
1006 1313 1227 1345 detractionis
1261 1319 1377 1356 petere
1405 1313 1484 1345 licet
1515 1323 1535 1345 a
1560 1313 1628 1345 De-

123 1370 248 1402 mosth.
271 1371 397 1411 XVIII,
421 1370 619 1410 259—264‚
642 1372 701 1403 ubi
721 1371 904 1403 Aeschinis
926 1371 1163 1404 educationem
1183 1372 1309 1414 carpit,
1329 1378 1511 1415 postquam
1532 1382 1628 1405 suam

124 1428 278 1461 laudavit
301 1430 369 1462 257
397 1440 450 1472 sq.
478 1430 550 1464 vid.
579 1431 681 1462 etiam
703 1430 807 1464 Isocr.
842 1430 908 1469 IX,
935 1431 992 1464 22.
1026 1448 1075 1452 —
1106 1440 1125 1462 a
1155 1431 1356 1473 corporis
1390 1430 1627 1462 commodis

125 1487 310 1530 respondet
335 1488 589 1531 superioribus:
611 1482 669 1520 ‘ab
696 1490 846 1521 externis
867 1481 978 1520 rebus'
1004 1488 1093 1520 male
1111 1488 1167 1520 hic
1185 1489 1264 1520 Ern.
1284 1488 1466 1520 adscribit:
1489 1481 1627 1530 ‘nempe

124 1545 166 1577 ab
186 1555 312 1589 genere
337 1552 369 1578 et
394 1546 615 1585 educatione,
646 1557 734 1588 quae
769 1553 847 1579 sunt
878 1548 913 1578 in
945 1547 1115 1585 externis,
1145 1546 1218 1577 vult
1246 1547 1383 1578 transiri
1415 1546 1460 1578 ad
1486 1552 1628 1578 externa

124 1610 157 1635 et
189 1604 231 1636 ab
264 1604 319 1637 his
345 1604 451 1637 rediri
480 1615 600 1637 rursus
625 1605 669 1636 ad
700 1597 868 1637 externa':
903 1606 1007 1636 immo
1037 1605 1293 1647 distinguuntur
1324 1612 1484 1636 externae
1514 1615 1569 1636 res
1596 1611 1628 1636 et

125 1664 280 1707 corporis
312 1663 509 1703 commoda,
551 1673 638 1705 quae
669 1663 711 1695 ab
743 1664 857 1695 animo
886 1670 943 1695 aut
977 1663 1080 1706 plane
1113 1673 1180 1695 non
1207 1668 1411 1701 tractantur,
1454 1669 1511 1694 aut
1537 1669 1626 1695 certe

124 1723 236 1755 mimis
263 1722 305 1754 ab
326 1732 366 1755 eo
391 1728 575 1766 reguntur,
607 1728 640 1754 et
666 1733 746 1761 eae,
781 1722 904 1764 quibus
935 1722 1122 1754 tractandis
1149 1722 1255 1753 animi
1286 1723 1429 1754 virtutes
1458 1728 1515 1753 aut
1542 1722 1627 1753 vitia

125 1791 162 1813 se
187 1780 349 1823 produnt.
401 1790 490 1825 opus
522 1786 635 1813 autem
660 1791 728 1814 non
755 1780 820 1813 fuit
854 1782 947 1813 istis:
977 1773 1118 1812 ‘deinde
1148 1781 1294 1812 transire
1322 1786 1455 1823 oportet
1484 1779 1529 1811 ad
1553 1789 1628 1811 cor-

123 1840 220 1882 poris
246 1833 434 1872 commoda'
461 1850 564 1881 quom
590 1839 741 1873 sufficiat
767 1840 811 1872 ad
836 1840 1059 1872 indicandum
1086 1838 1258 1877 ordinem,
1287 1837 1378 1880 quod
1404 1839 1519 1870 statim
1546 1837 1630 1881 legi-

85 1907 92 1914 ’
124 1904 178 1930 tur
204 1898 284 1941 (10)
306 1892 447 1931 ‘deinde
470 1905 683 1932 revortemur
704 1900 749 1931 ad
774 1905 956 1931 extraneas
982 1891 1059 1930 res'.
1159 1903 1188 1931 2.
1216 1898 1257 1928 111
1284 1896 1413 1928 laude
1439 1898 1504 1929 etsi
1530 1903 1630 1940 optu-

123 1956 171 1987 mi
197 1956 276 1988 libri
309 1958 487 1995 omittunt,
526 1963 640 1989 tamen
668 1958 872 1998 requiritur,
911 1957 948 1988 id
979 1956 1072 1997 quod
1104 1957 1174 1987 iam
1200 1955 1281 1989 Ern.
1317 1960 1449 1995 monet,
1488 1961 1631 1998 propter

123 2024 271 2057 sequens
299 2014 379 2057 (6):
402 2008 453 2046 ‘in
486 2008 759 2058 vituperatione'‚
794 2021 944 2046 ceterum
967 2014 1070 2057 volgo
1097 2019 1128 2046 et
1155 2013 1238 2045 ordo
1257 2015 1464 2056 pervertitur
1483 2013 1627 2045 lectione

119 2066 155 2105 ‘a
181 2078 301 2106 natura
325 2074 359 2105 in
384 2066 496 2105 laude'
523 2079 555 2105 et
579 2073 714 2105 adiecta
734 2073 992 2116 praepositIOne
1018 2072 1173 2114 corporis
1192 2071 1381 2102 commodis
1406 2076 1526 2103 natura
1549 2082 1628 2114 per-

124 2137 284 2164 mutatur.
336 2133 515 2173 sequentia
534 2125 635 2165 ecasu
660 2137 692 2164 et
720 2125 851 2163 natura'
879 2129 938 2173 (8)
969 2137 1126 2174 poterant
1152 2140 1268 2162 veram
1293 2130 1460 2162 rationem
1487 2128 1627 2161 demon-

124 2196 246 2225 strare.
277 2209 326 2214 —
372 2197 401 2225 6.
427 2192 594 2223 Isocrates
619 2193 669 2223 sic
691 2191 758 2229 IX,
785 2191 829 2223 22
854 2191 889 2221 iu
914 2190 1076 2232 Euagora
1100 2198 1208 2232 puero
1234 2181 1366 2229 ῥώμην
1392 2181 1528 2224 κάλλος
1554 2188 1627 2219 lau-

125 2250 202 2288 dat,
232 2255 334 2291 atque
368 2249 497 2281 ibidem
529 2242 812 2291 σωφροσύνην;
847 2250 882 2280 111
916 2247 1047 2280 Helena
1072 2253 1185 2279 autem
1208 2247 1314 2278 variis
1337 2246 1527 2278 rationibus
1550 2246 1627 2289 pul-

125 2308 330 2340 critudinem
351 2308 530 2351 praedicat
559 2308 608 2348 X,
638 2306 796 2346 16-19,
832 2305 983 2341 38-69,
1011 2324 1059 2329 -
1108 2313 1135 2338 7.
1159 2315 1281 2337 usum
1314 2305 1507 2337 dicemus
1532 2303 1568 2335 11.
1594 2315 1624 2335 e.

125 2377 193 2399 11011
216 2366 393 2399 laudabile
415 2367 598 2407 ducemus,
633 2367 725 2408 quod
749 2377 834 2398 usus
860 2368 904 2398 sit
928 2371 1070 2397 naturae
1094 2365 1209 2398 bonis.
1262 2363 1327 2395 hoc
1353 2364 1411 2404 qui
1438 2372 1505 2394 nou
1531 2362 1628 2394 vide-

127 2431 220 2465 rent,
251 2418 473 2458 male‘male'
500 2425 701 2458 allevemnt.
744 2425 844 2457 nobis
872 2426 905 2457 111
931 2424 1322 2467 praestantissumorum
1349 2421 1450 2454 codd.
1482 2421 1626 2453 lectione

126 2485 176 2517 de
201 2484 270 2516 his
294 2483 399 2515 latere
422 2483 604 2515 videbatur
627 2483 851 2517 videlicet.
885 2516 889 2519 ,
952 2489 994 2514 10.
1022 2491 1102 2514 11011
1126 2480 1268 2513 fuisse
1295 2486 1412 2523 aptum
1439 2486 1507 2518 est,
1536 2481 1567 2512 si
1593 2486 1627 2511 ut

1653 899 1696 931 14

124 2541 194 2582 hic,
220 2542 352 2586 passim
377 2541 421 2574 de
443 2540 583 2574 homine
609 2541 770 2574 defuncto
798 2546 849 2574 est
874 2542 1000 2577 oratio,
1036 2550 1100 2572 nec
1126 2545 1176 2571 est
1209 2549 1269 2571 eur
1293 2538 1514 2570 admittamus
1553 2548 1628 2570 cor-
1682 2586 1687 2589 ι

124 2602 294 2634 rectiones
319 2604 376 2643 aut
400 2600 470 2631 iam
494 2600 527 2631 in
555 2599 653 2633 libris
680 2606 736 2632 aut
761 2610 871 2642 nuper
912 2610 932 2631 a
956 2600 1033 2632 VV.
1070 2598 1144 2631 DD.
1178 2597 1298 2630 factas.
1359 2596 1506 2629 fuisse
1531 2606 1626 2633 sane,

126 2659 310 2692 meliorum
335 2657 436 2692 codd.
467 2657 581 2697 lectio,
616 2660 822 2690 contrariam
854 2659 1057 2691 sententiam
1089 2656 1208 2690 efficit.
1264 2655 1423 2699 probavit
1454 2661 1568 2687 tamen
1600 2656 1624 2688 Ι.

127 2718 275 2752 Gronov.
331 2726 436 2759 saepe
467 2724 610 2760 peccant
645 2718 889 2758 antiquissumi
926 2717 1006 2749 libri
1038 2715 1226 2748 omittenda
1256 2713 1426 2757 particula
1450 2715 1623 2756 negativa.

124 2781 162 2809 ut
186 2776 266 2814 114,
293 2773 333 2813 6;
362 2774 440 2813 116,
466 2775 501 2817 4,
527 2780 608 2818 aput
635 2775 707 2810 Cic.
734 2775 824 2809 Part.
856 2776 922 2808 125
954 2774 1010 2807 vel
1034 2773 1090 2806 bis
1117 2773 1246 2805 excidit
1270 2774 1306 2804 in
1330 2781 1399 2804 uno
1425 2780 1544 2802 versu:
1579 2776 1629 2801 to-

124 2840 198 2867 tum
223 2833 321 2865 illum
344 2832 457 2865 locum
481 2843 643 2876 pessume
668 2833 823 2866 habiturn
842 2835 893 2866 sic
919 2833 1145 2865 correxerim:
1167 2825 1283 2873 ‘negat
1309 2830 1399 2862 enim
1418 2826 1630 2869 (accusator)

128 2892 268 2937 probari
292 2895 450 2933 oportere
475 2900 553 2929 eos,
582 2893 640 2932 qui
665 2891 777 2934 legem
802 2893 1022 2935 scripserint,
1055 2901 1098 2922 ne
1120 2895 1231 2922 ratum
1256 2888 1422 2919 habeatur
1450 2885 1628 2923 iudicium,

124 2953 156 2983 si
179 2956 287 2983 totum
315 2953 512 2991 corruptum
536 2949 600 2988 sit,
642 2951 672 2981 si
696 2959 784 2981 unus
808 2956 987 2982 accusator
1019 2959 1087 2981 non
1112 2952 1292 2990 corruptus
1315 2947 1377 2982 sit,
1410 2952 1478 2975 non
1500 2944 1629 2974 rescin-

238 3007 474 3035 comssrtctus.
1299 2997 1344 3032 18
