1907 3166
145 1982 191 2013 45

219 157 306 199 300
881 161 1090 198 NOTAE.

221 267 316 304 κατὰ
340 267 593 313 παρένθεσιν,
623 274 800 314 utriusque
827 271 972 304 laudans
996 272 1193 315 exemplum
1220 272 1398 307 Demosth.
1423 273 1464 312 ΙῙ,
1492 274 1526 312 5,
1560 272 1612 309 16.
1665 283 1731 306 κα-

221 326 439 373 θαρότητος
465 323 642 363 ἐναντίον
670 332 796 364 dicitur
821 331 862 363 ab
890 332 1011 364 eodem
1039 341 1077 364 π.
1105 327 1155 364 ld.
1181 331 1262 370 208,
1295 333 1322 364 1.
1369 331 1414 366 er.
1445 338 1624 376 praeterea
1649 333 1729 366 Ale-

223 391 344 423 xandr.
376 391 469 428 VIII,
505 389 595 427 481.
632 397 662 422 et
693 392 861 432 Anonym.
891 391 980 428 (544,
1017 391 1121 422 ceteri
1154 391 1342 434 scriptores
1366 391 1477 434 magis
1503 392 1730 435 grammatica

218 459 318 490 quam
347 449 518 481 rhetorica
541 449 699 481 afferunt.
803 456 842 481 ts.
883 450 923 481 iu
959 449 1119 490 quibus
1144 467 1191 473 —
1215 449 1458 492 apsolutae.
1510 450 1561 482 sic
1587 449 1657 482 cic.
1685 449 1728 482 de

218 518 265 539 or.
297 509 319 545 l,
351 508 412 540 151
436 502 529 552 ‘ipsa
551 509 741 541 conlocatio
769 508 1064 549 conformatioque
1086 508 1269 541 verborum
1289 508 1464 551 perficitur
1485 508 1518 540 in
1545 508 1729 542 scribendo

218 577 282 598 nou
311 568 461 610 poetico,
486 574 536 601 set
564 568 712 610 quodam
739 568 888 599 oratorio
915 577 1055 599 numero
1084 574 1115 599 et
1145 561 1277 602 modo.'

316 625 391 662 175,
412 632 439 657 3.
467 626 716 669 superlatio
745 626 778 658 iu
805 636 931 668 genere
957 631 1117 658 tractatur
1143 636 1162 657 a
1186 627 1256 661 t‘ic.
1285 626 1371 669 Top.
1399 625 1457 666 67,
1484 624 1541 659 Or.
1575 623 1658 665 139,
1686 624 1729 657 de

218 692 266 716 or.
298 684 363 723 lll,
393 684 475 717 2023.
534 685 662 716 divisio
689 685 763 716 cius
798 685 926 727 figurae
957 685 1077 717 eadem
1108 686 1178 717 I'cre
1204 691 1306 726 atque
1332 682 1388 717 hic
1414 690 1465 717 est
1491 695 1548 728 ap.
1576 683 1727 718 Demetr-

222 743 279 778 IX.
303 744 347 777 56
373 755 425 785 sq.
456 745 500 776 7-1
526 755 578 785 sq.
608 751 637 776 ct
665 744 831 776 Cocondr.
862 745 962 779 VIII.
992 745 1072 780 7111,
1099 744 1248 787 amplior
1269 754 1324 787 ap.
1353 743 1468 782 Quint.
1496 743 1584 786 VIII,
1607 743 1642 781 6,
1669 741 1727 780 68,

219 804 276 844 qui
305 804 370 835 ait:
402 796 451 834 ‘lit
480 803 636 846 pluribus
665 804 796 838 modis.
831 810 886 835 aut
914 804 1004 835 euim
1032 803 1110 846 plus
1142 793 1233 836 sacto
1258 802 1406 834 dicimus
1433 820 1480 825 —
1505 806 1562 834 aut
1588 812 1644 835 res
1667 811 1729 845 per

219 862 482 894 similitudinem
510 862 698 894 attollimus
727 880 771 884 —
798 868 854 893 aut
883 873 944 904 per
978 862 1269 904 comparationem
1304 866 1363 893 aut
1388 861 1500 904 signis
1525 860 1625 902 quasi
1651 859 1728 902 qui-

219 921 365 952 busdam
395 939 439 943 —
465 921 518 953 vcl
546 914 792 955 translatioue’,
846 921 962 952 laudat
993 920 1154 963 exempla
1179 921 1249 952 Cic.
1279 920 1365 952 Phil.
1389 921 1430 959 ll,
1456 919 1514 959 63,
1541 918 1599 958 67,
1626 919 1727 951 Verr.

219 980 259 1017 Il,
286 980 318 1015 5.
352 980 427 1014 ¹⁴5.
481 980 565 1012 beut—
593 987 704 1011 mouet
732 979 754 1011 l.
782 991 811 1011 c.
839 980 883 1011 7⁴
911 979 1045 1011 mentiri
1073 978 1306 1022 hyperbolen,
1340 988 1450 1020 neque
1478 978 1544 1017 ita,
1573 982 1609 1009 ut
1634 986 1728 1009 men-

218 1039 318 1070 dacio
344 1038 462 1070 salli-re
490 1038 593 1072 velit:
629 1048 695 1079 quo
723 1040 833 1081 magis
861 1038 1060 1069 intuendum
1091 1043 1162 1072 est.
1196 1048 1375 1079 quousque
1403 1039 1523 1069 deceat
1548 1035 1726 1074 extollere,

217 1098 308 1140 quod
337 1098 434 1129 uobis
458 1107 522 1128 uon
551 1090 722 1129 creditur'.
777 1098 926 1129 brt-viter
951 1098 1102 1140 tangitur
1129 1097 1320 1140 superlatio
1347 1097 1389 1128 ab
1418 1097 1580 1129 Anaxim.
1606 1094 1665 1137 35,
1692 1097 1727 1134 7,

216 1167 282 1198 quo
311 1156 384 1188 loco
411 1156 561 1199 Spengel
590 1156 687 1187 all'crt
710 1156 788 1197 1253.
816 1156 896 1194 Vll,
926 1155 961 1193 l,
986 1155 1163 1187 Dcmostlt.
1191 1155 1272 1194 LX,
1300 1156 1358 1188 24.
1419 1154 1572 1198 pueriles
1598 1153 1725 1198 hyper-

217 1216 313 1247 bolas
339 1227 415 1247 esse
443 1216 638 1258 pronuntiat
667 1216 807 1247 Aris-tot.
840 1215 938 1249 Rhet.
970 1216 1027 1250 Ill.
1055 1215 1105 1250 11,
1132 1214 1185 1257 15,
1212 1225 1373 1247 maxume
1401 1214 1602 1247 comoediae
1628 1219 1728 1257 aptas

218 1275 409 1307 Ilium-trias
436 1275 456 1309 Ι,
487 1286 516 1305 c.
545 1285 628 1306 usus
659 1274 903 1317 ,tristophauis
929 1274 1113 1317 exemplis.
1143 1280 1177 1305 ut
1203 1273 1344 1317 Trypho
1372 1273 1460 1312 VIII,
1484 1272 1553 1306 746
1577 1272 1726 1315 quodam

216 1334 361 1377 Diphili.
413 1334 459 1366 uil
486 1334 563 1365 novi
594 1340 643 1364 cst
671 1344 727 1376 ap.
757 1334 859 1376 (ii-cg.
902 1334 978 1365 ('or.
1014 1334 1100 1371 772,
1136 1333 1263 1376 (ἶσοι-3.
1289 1332 1460 1365 Choerob.
1487 1331 1575 1372 814,
1608 1332 1723 1365 Anon-

215 1393 279 1426 721
310 1400 340 1425 ct
370 1393 430 1427 lul.
462 1392 573 1426 llulin.
605 1393 627 1430 l,
655 1392 712 1424 38.
740 1409 786 1414 -
820 1391 1012 1423 alicuius
1044 1392 1260 1430 notavimus,
1296 1400 1486 1434 pronomen
1513 1391 1604 1423 enim
1629 1389 1727 1424 abest.

219 1452 295 1486 178.
323 1453 343 1484 2
371 1453 403 1483 iu
433 1451 554 1483 cadi-m
579 1451 752 1488 dictione.
791 1451 892 1482 etiam
923 1461 979 1493 ap.
1008 1449 1080 1482 Cic.
1108 1450 1150 1482 de
1174 1460 1224 1482 or.
1251 1450 1315 1491 111,
1351 1448 1438 1483 203:
1468 1442 1633 1493 ‘augendi
1663 1449 1728 1481 mi-

213 1511 383 1543 nuendive
410 1521 513 1542 causa
537 1511 690 1542 veritatis
712 1509 902 1552 superlatio
929 1517 1030 1551 atque
1058 1501 1236 1543 traiecti0’.
1362 1515 1407 1542 ll.
1435 1507 1570 1547 simile,
1598 1513 1650 1540 set
1679 1518 1723 1540 ex

213 1571 402 1604 contrario.
437 1576 487 1602 cst
514 1570 555 1601 ‹le
585 1569 686 1601 foeda
713 1569 829 1612 puella
862 1568 948 1600 illud
977 1568 1169 1611 Diphilium
1197 1562 1357 1609 μέλαινα
1393 1560 1432 1598 δ’
1460 1559 1602 1604 οὕτως,
1629 1556 1725 1598 οἷστε

214 1627 278 1662 καὶ
306 1630 433 1661 ποιεῖν
462 1622 609 1666 σκότος.
723 1634 765 1660 tn.
795 1628 1059 1660 intellectio.
1096 1627 1210 1665 Quint.
1242 1626 1343 1665 VIII,
1369 1626 1409 1662 6,
1435 1624 1458 1658 9
1484 1618 1724 1667 συνεκδοχὴν

213 1689 366 1733 appellat
392 1696 493 1730 atque
523 1688 644 1719 eodem
679 1687 749 1719 I'ere
777 1687 879 1719 modo
910 1686 1093 1723 describit,
1122 1695 1188 1727 quo
1215 1684 1354 1728 Trypho
1382 1683 1472 1723 VIII,
1501 1682 1581 1727 739,
1609 1684 1731 1716 ceteri-

213 1758 278 1789 que
306 1747 445 1781 (iraevi,
474 1746 642 1778 Coi-ondr.
671 1745 757 1782 790,
793 1745 895 1787 (li-eg.
927 1744 1004 1778 Cor.
1034 1743 1122 1782 769,
1158 1744 1287 1786 (ieorg.
1316 1742 1484 1776 Choerob.
1518 1738 1615 1781 8095
1643 1752 1726 1774 ano—

216 1806 308 1847 nymi
336 1805 416 1843 691,
443 1805 524 1840 (597,
553 1804 633 1838 718.
661 1822 709 1827 —
759 1809 802 1836 tt.
832 1809 902 1835 aut
931 1803 981 1835 ab
1008 1813 1089 1836 uno
1122 1803 1248 1846 plura
1273 1806 1345 1834 aut
1370 1801 1575 1844 pluribus
1602 1798 1727 1833 unum

215 1875 257 1896 ex
286 1876 382 1906 seqq.
415 1863 499 1906 176,
528 1863 566 1903 3,
602 1864 622 1896 5
647 1861 776 1895 Schiitz
809 1862 1005 1906 supplerit;
1045 1862 1167 1895 deesse
1200 1871 1267 1894 non
1302 1870 1405 1904 posse
1439 1859 1545 1893 lector
1578 1864 1728 1892 attentus

216 1923 402 1966 intelleget.

317 1981 392 2018 176,
424 1986 466 2015 tt.
507 1981 660 2012 abusio
700 1980 895 2023 explicatur
927 1990 946 2010 a
974 1977 1139 2011 Cicerone
1166 1977 1223 2010 Or.
1249 1976 1308 2012 94.
1340 1970 1564 2011 ‘Aristoteles
1588 1994 1636 2001 —-
1661 1981 1728 2008 tra-

214 2042 329 2074 lationi
356 2059 403 2063 —
436 2040 613 2082 subiungit
641 2058 686 2062 —
718 2040 940 2078 abusionem,
975 2049 1077 2080 quam
1111 2030 1349 2079 κατάχρησιν
1381 2041 1523 2077 vocant,
1559 2040 1597 2068 ut
1623 2045 1726 2077 quom

213 2102 378 2133 minutum
406 2099 553 2131 dicimus
579 2099 731 2131 animum
765 2109 826 2141 pro
861 2108 986 2142 parvo,
1025 2103 1057 2129 et
1082 2097 1256 2129 abutimur
1282 2095 1400 2129 νει-613
1426 2095 1653 2139 propinquis,
1693 2095 1724 2127 si

213 2169 299 2202 opus
326 2164 395 2197 est,
424 2158 477 2190 vel
505 2157 597 2199 quod
624 2157 770 2189 delectat
795 2156 849 2188 vel
879 2156 971 2198 quod
996 2147 1105 2187 docet’
1137 2155 1229 2187 idem
1256 2153 1299 2186 de
1325 2163 1375 2186 or.
1404 2153 1470 2191 111,
1502 2150 1568 2185 169
1594 2151 1725 2184 similia

214 2219 329 2257 docet,
358 2218 449 2249 adde
476 2217 590 2255 Quint.
620 2217 712 2255 VIII,
741 2216 772 2255 1,
794 2217 815 2249 5
842 2221 874 2248 et
900 2216 1088 2258 scriptores
1115 2214 1159 2246 de
1181 2213 1290 2256 tropis
1313 2212 1402 2253 VIII,
1430 2210 1512 2250 716,
1535 2209 1615 2249 766,
1640 2210 1722 2249 784,

214 2277 294 2310 804.
348 2275 612 2308 Demosthenica
639 2275 801 2318 exempla
827 2281 905 2306 sunt
935 2274 992 2313 IV,
1018 2273 1076 2311 43,
1103 2273 1161 2311 45,
1188 2271 1282 2312 XIV,
1303 2269 1336 2309 3,
1363 2269 1460 2308 XXI,
1480 2268 1559 2311 166,
1586 2279 1630 2302 ex
1653 2268 1723 2302 cic.

217 2336 373 2368 laudetur
400 2340 561 2367 terrester
588 2333 800 2377 archipirata
830 2333 1005 2376 Apronius
1028 2333 1128 2364 Verr.
1154 2332 1196 2374 II,
1225 2331 1257 2373 5,
1282 2329 1338 2362 70.
1372 2345 1419 2352 —-
1461 2333 1505 2361 17.
1532 2326 1727 2360 transla-

214 2394 352 2425 tionis
379 2403 504 2425 causae
529 2403 549 2424 a
576 2392 647 2427 Cic.
677 2391 733 2426 Or.
761 2391 807 2424 92
833 2391 1055 2435 proferuntur
1087 2390 1176 2422 duae
1202 2389 1451 2432 potissumum,
1485 2385 1667 2419 suavitatis
1693 2389 1727 2418 et

221 2452 377 2495 inopiae;
410 2462 487 2483 cum
512 2452 668 2492 sequitur
694 2450 811 2488 Quint.
846 2450 944 2488 VIII,
979 2448 1021 2491 6,
1054 2447 1113 2488 18,
1147 2448 1204 2488 qui
1235 2446 1406 2490 plurumis
1431 2445 1475 2478 de
1502 2444 1726 2478 translatione

215 2511 298 2554 agit,
328 2515 364 2541 ut
391 2509 539 2543 Demetr.
569 2518 704 2550 quoque
731 2509 790 2547 lx,
817 2506 972 2540 38-43.
1025 2506 1172 2538 addatur
1200 2506 1341 2537 Aristot.
1369 2504 1469 2537 Rhet.
1498 2503 1564 2546 111,
1587 2503 1628 2542 2,
1653 2501 1676 2534 8
1693 2506 1726 2534 et

215 2568 346 2612 Tryph.
373 2568 464 2608 Vlll,
494 2566 574 2606 7¹29,
598 2577 745 2608 quocum
771 2567 970 2610 conspirant
997 2565 1165 2599 Cocondr.
1192 2564 1280 2605 784,
1309 2562 1412 2606 Greg.
1442 2561 1519 2597 Gor.
1541 2561 1629 2604 764,
1659 2560 1726 2594 Ge-

215 2639 288 2671 org.
317 2626 486 2660 Choerob.
513 2625 595 2659 804.
617 2643 664 2647 —
711 2631 746 2656 20
772 2625 1018 2656 brevitatis
1051 2633 1193 2655 causa.
1246 2620 1446 2664 metaphora
1474 2620 1586 2660 enim,
1617 2624 1655 2652 ut
1678 2620 1727 2651 ait

214 2686 328 2726 Quint.
352 2686 450 2727 VIII,
474 2684 514 2724 6,
534 2684 559 2717 8
581 2677 736 2716 ‘brevior
764 2688 815 2715 est
841 2682 1053 2720 similitudo,
1087 2691 1197 2722 eoque
1220 2680 1343 2718 distat,
1380 2679 1474 2721 quod
1499 2678 1561 2711 illa
1586 2687 1727 2721 eompa-

213 2752 306 2778 ratur
332 2746 400 2786 rei,
428 2754 529 2786 quam
557 2743 716 2776 volumus
743 2741 957 2784 exprimere,
984 2740 1071 2772 haec
1096 2749 1158 2782 pro
1185 2739 1262 2781 ipsa
1286 2748 1323 2770 re
1347 2729 1495 2770 dicitur'.
1590 2742 1637 2769 22.
1662 2747 1728 2769 cu-

218 2806 288 2838 ius
321 2809 458 2837 mater
484 2821 532 2826 —
564 2801 826 2835 delectatur.
878 2808 1047 2842 expressa
1080 2797 1167 2830 haec
1201 2800 1281 2829 sunt
1312 2806 1356 2828 ex
1390 2794 1571 2830 Demosth.
1598 2793 1726 2834 xvffl,

224 2864 300 2899 129.

318 2923 396 2961 177,
422 2927 451 2953 7.
485 2919 827 2953 translationem
863 2916 1095 2960 pudentem
1130 2932 1177 2938 -
1205 2923 1302 2947 esse
1335 2916 1556 2956 oportere.
1607 2919 1726 2943 omues
