1971 3182
206 181 254 212 VI
847 177 1128 208 PRAEFATIO.

210 283 398 338 redegit,
444 288 589 340 partes
631 277 827 334 singulas
865 279 1055 341 dilugide
1092 278 1351 336 explicavit,
1396 280 1599 338 exempla
1627 280 1786 323 idonea

210 352 429 409 apposuit,
475 363 585 407 quae
621 346 831 404 pleraque
872 348 966 404 ipse
1008 346 1286 389 elucubratus
1326 356 1411 390 est:
1464 350 1600 406 spirat
1639 350 1685 390 in
1731 349 1784 391 iis

209 421 377 478 priseae
410 417 684 474 eloquentiae
706 415 930 456 Romanae
954 416 1201 472 ingenium,
1232 422 1280 457 ut
1309 417 1435 474 quasi
1455 413 1666 471 ἀπορρώξ
1691 418 1782 475 qui-

210 489 310 530 dam
340 494 559 529 oratorum
591 485 743 527 haberi
773 484 944 540 possint
976 484 1325 542 deperditorum,
1361 491 1403 527 et
1439 491 1784 542 repraesentare,

210 555 417 614 quiequid
438 562 538 597 ante
563 555 819 598 Ciceronem
844 552 907 594 illi
927 554 1170 610 principes:
1204 553 1394 596 Catones
1419 553 1608 596 Gracchi
1635 553 1786 597 Crassi

208 625 390 667 Antonii
418 623 600 682 Sulpicii
628 625 670 665 in
703 623 889 666 dicendo
922 624 1095 681 assequi
1127 628 1375 680 potuerunt.
1427 622 1542 679 ipse,
1577 629 1787 680 quantum

211 708 266 735 ex
291 699 381 734 toto
413 692 514 734 libri
545 693 698 735 habitu
731 694 996 735 existumare
1026 690 1147 745 licet,
1182 690 1309 733 1101110
1333 690 1416 732 fuit
1446 705 1471 731 a
1493 691 1666 748 volgari
1691 691 1786 734 rhe-

208 770 352 804 torum
382 761 559 804 levitate
582 762 913 815 alienis-sumus3
947 774 1125 802 severus
1159 759 1392 815 religiosus
1415 760 1608 803 moribus
1637 763 1787 804 castis·

211 831 359 884 sumis,
391 830 614 888 popularis
641 830 856 872 libertatis
891 830 1109 881 defensor,
1142 829 1418 883 arrogantiae
1447 828 1661 872 nobilium
1688 845 1786 887 gra-

210 900 279 941 vis
311 907 559 954 accusator,
589 907 817 957 praeterea
846 899 1045 940 doctrina
1074 897 1303 954 multiplici
1332 897 1552 953 excultus,
1586 899 1661 956 qui
1694 900 1786 958 qui-

212 967 310 1009 dem
341 968 394 1009 de
422 976 515 1010 arte
545 969 830 1024 grammatica
861 983 906 1009 se
939 968 1203 1024 scripturum
1232 965 1464 1022 pollicetur
1476 966 1521 1024 ¹),
1550 967 1604 1009 de
1633 983 1680 1010 re
1709 969 1787 1010 mi-

212 1035 349 1090 litari,
383 1040 436 1078 de
478 1038 855 1079 administratione
888 1037 951 1078 rei
982 1034 1250 1093 publicae²),
1291 1041 1442 1077 contra
1472 1035 1786 1092 dialecticos³),

210 1104 513 1162 philosophiae
539 1114 683 1148 autem
712 1106 910 1163 inprimis
942 1104 1185 1147 studiosum
1207 1104 1251 1144 in
1271 1104 1487 1161 principio
1513 1110 1556 1146 et
1576 1104 1662 1146 fine
1683 1104 1786 1148 libri

212 1187 257 1214 se
281 1173 427 1230 prodit
441 1174 488 1230 ⁴).

325 1241 603 1283 Adumbrare
634 1244 776 1284 eonati
807 1258 954 1285 sumus
985 1242 1148 1295 virum,
1181 1242 1224 1282 in
1257 1256 1341 1298 quo
1368 1241 1589 1298 specimen
1610 1242 1788 1284 virtutis

211 1325 315 1352 vere
344 1311 568 1352 Romanae
597 1312 796 1354 invenire
824 1326 912 1353 non
941 1311 1122 1363 iniuria,
1152 1324 1300 1367 spero,
1329 1309 1599 1365 videbimur3
1633 1309 1785 1353 Corni-

211 1379 355 1421 ficium
390 1394 506 1433 esse,
539 1380 725 1421 eundem
758 1380 966 1434 fortasse,
1004 1394 1131 1437 quem
1162 1379 1317 1421 Cicero
1348 1378 1473 1420 Verr.
1507 1378 1548 1433 I,
1580 1381 1633 1420 30
1665 1394 1786 1422 seve-

210 1448 446 1489 rissumum
473 1453 604 1504 atque
636 1449 980 1505 integerrumum
1019 1448 1206 1490 iudicem
1239 1445 1493 1504 appellatis),
1539 1449 1686 1491 statim
1717 1448 1789 1491 de-

211 1515 565 1558 monstrabimus,

986 1669 1018 1722 1.

328 1789 523 1847 Scriptor
561 1790 688 1832 huius
723 1790 825 1833 libri
861 1792 1026 1848 primus
1060 1791 1218 1833 Latine
1256 1790 1394 1833 edidit
1431 1797 1571 1833 artem
1607 1791 1790 1835 rhetori-

213 1875 327 1913 cam,
360 1861 537 1901 nomina
560 1875 724 1914 rerum,
759 1858 916 1917 quibus
947 1874 1017 1901 ars
1048 1861 1314 1914 continetur,
1354 1861 1520 1917 primus
1551 1876 1574 1903 e
1605 1861 1789 1904 Graecis

213 1929 440 1982 convertit,
468 1927 668 1985 exempla
690 1928 851 1970 adiecit
870 1929 1059 1986 propria,
1082 1944 1170 1971 non
1191 1928 1368 1971 aliunde
1390 1930 1599 1986 quaesita,
1624 1936 1788 1977 utrum-

212 2013 296 2055 que
328 1999 420 2055 ipse
448 1996 742 2054 profiten1r⁸):
783 1998 951 2055 itaque,
987 1998 1074 2039 nisi
1102 1997 1359 2039 mendacem
1394 1997 1616 2041 hominem
1650 1998 1789 2040 fuisse

212 2066 492 2119 arbitremur,
523 2074 565 2109 et
592 2068 818 2109 nominum
850 2072 891 2107 et
912 2066 1210 2123 exemplorum
1219 2099 1230 2120 ,
1264 2065 1421 2123 quibus
1449 2066 1603 2122 utitur,
1635 2068 1787 2110 inven-

210 2141 278 2176 tor
307 2134 536 2176 habendus
568 2142 653 2177 est:
694 2137 781 2177 iam
808 2135 845 2176 si
877 2134 1175 2188 Quintilianus
1205 2135 1445 2191 figurarum
1477 2136 1689 2192 quasdam
1715 2150 1788 2193 ap-

210 2203 469 2260 pellationes
500 2204 546 2244 in
577 2203 659 2245 hoc
694 2203 807 2246 libro
847 2203 1001 2246 obvias
1034 2202 1189 2245 tribuit
1217 2203 1453 2247 Cornificio
1465 2204 1521 2261 ⁷),
1563 2209 1694 2262 atque
1727 2204 1790 2245 ita

308 2333 345 2374 1)
373 2332 450 2371 141,
480 2332 535 2366 15.

305 2391 345 2431 2)
371 2390 433 2429 83,
462 2390 500 2422 11
529 2401 580 2432 sq.

308 2448 347 2491 3)
374 2447 437 2488 43,
464 2449 496 2480 7.

306 2507 346 2551 4)
374 2506 415 2546 3,
439 2505 477 2545 3;
506 2506 592 2544 212,
617 2505 655 2538 15
680 2516 731 2547 sq.

308 2565 344 2609 5)
371 2567 400 2598 si
425 2572 515 2598 certa
541 2574 595 2596 res
621 2570 731 2604 esset,
759 2565 860 2597 etiam
885 2574 1093 2607 praenomen
1113 2562 1151 2601 Q.
1171 2563 1299 2596 addere
1319 2574 1512 2607 possemus.
1557 2565 1688 2608 opinati
1707 2570 1787 2597 sunt

214 2625 354 2667 quidam
379 2625 418 2658 L,
449 2622 667 2657 Cornificium
693 2633 787 2661 esse,
819 2622 863 2654 ad
889 2633 991 2663 quem
1016 2622 1186 2665 epistulae
1212 2627 1291 2656 sunt
1321 2623 1472 2666 scriptae
1498 2623 1593 2658 Fam.
1621 2622 1707 2662 XII,
1740 2622 1785 2656 17

213 2682 331 2721 —303
357 2688 389 2714 at
416 2683 444 2714 is
469 2681 643 2722 aliquanto
668 2681 781 2712 iunior
806 2680 869 2712 suit
897 2680 1073 2715 Cicerone.

307 2740 348 2782 6)
382 2740 539 2783 legantur
574 2739 678 2771 verba
710 2738 941 2780 apertissuma
974 2738 1056 2777 133,
1094 2739 1110 2771 1
1139 2749 1212 2780 sqq.
1248 2739 1290 2772 ab
1318 2739 1452 2772 Handio
1484 2744 1598 2772 tamen
1630 2738 1788 2782 neglecta

212 2799 353 2842 Encycl.
380 2799 420 2833 E.
449 2804 480 2830 et
504 2797 543 2832 G.
569 2796 675 2834 XVII,
702 2807 737 2839 p.
767 2796 843 2829 108.

305 2856 345 2899 7)
370 2857 436 2897 IX,
464 2856 501 2895 3,
527 2856 585 2889 97.
616 2849 749 2888 eadiicit
775 2855 830 2887 his
856 2873 902 2878 —
928 2854 1130 2887 Cornificius
1156 2855 1459 2898 interrogationem
1491 2854 1785 2886 ratiocinationem

209 2916 456 2951 subiectionem
481 2916 717 2948 transitionem
744 2913 1024 2953 occultationem3
1056 2919 1233 2956 praeterea
1257 2914 1461 2946 sententiam
1493 2912 1682 2945 membrum
1707 2912 1788 2944 arti—
