1971 3198
815 212 1099 243 PRAEFATIO.
1691 211 1754 240 XV

291 313 415 368 Quae
450 314 579 357 modo
611 314 915 370 exposuimus,
962 320 1221 370 argumento
1254 329 1351 356 esse
1378 320 1583 371 possunt,
1627 327 1757 370 quam

174 398 360 439 magnus
392 384 448 425 sit
480 398 602 425 error
638 398 806 437 eorum,
853 384 927 440 qui
959 398 1114 440 parum
1152 382 1302 425 valere
1342 383 1608 425 arbitrantur
1640 382 1756 423 criti-

174 467 270 495 cam
301 467 478 510 operam
511 451 568 494 ad
607 453 843 509 scriptores
873 458 992 494 recte
1025 452 1304 495 iudicandos:
1345 452 1433 494 illis
1466 453 1582 494 enim
1608 450 1756 508 pluru-

173 522 256 563 mis
289 527 332 563 et
363 521 631 564 foedissimis
661 521 1073 578 interpolationibus
1103 521 1385 564 tribuendum
1409 522 1605 574 videtur,
1638 519 1756 577 quod

174 590 293 633 docti
322 591 501 649 quidam
533 590 619 631 viri
658 591 854 648 iniquam
894 591 948 632 de
979 590 1061 632 hoc
1091 590 1204 632 libro
1240 592 1501 633 sententiam
1538 589 1754 632 tulerunt:

172 660 259 702 ista
289 675 394 702 sane
424 660 572 702 ieiuna
602 659 752 716 inepta
780 659 933 716 putida
973 659 1230 712 effecerunt,
1264 666 1312 700 ut
1351 661 1537 716 scriptor
1565 658 1756 714 eleganti

172 727 390 769 brevitate
422 733 464 769 et
494 728 686 783 ingenua
719 727 999 785 simplicitate
1032 727 1276 782 excellens,
1315 730 1390 786 qui
1421 728 1483 769 nil
1515 736 1614 770 ante
1650 744 1754 782 rem,

173 796 237 838 nil
265 803 440 854 praeter
470 811 564 838 rem
591 798 781 853 profert,
813 797 887 854 qui
917 812 988 838 res
1010 796 1219 853 perfectis
1242 797 1390 839 verbis
1413 797 1755 855 comprehendit,

173 866 249 923 qui
278 872 420 908 aetate
450 864 582 908 debet
609 880 634 907 a
663 866 791 908 nobis
819 867 1024 923 princeps
1050 881 1207 923 prosae
1239 868 1448 909 orationis
1474 867 1660 908 Latinae
1682 866 1756 907 ha-

170 934 288 990 beri,
319 935 357 977 si
381 935 558 993 quidem
583 935 629 976 in
658 935 741 978 hoc
772 950 933 992 genere
965 936 1186 992 antiquior
1214 935 1326 978 liber
1345 937 1517 992 integer
1532 937 1561 994 ¹)
1592 936 1647 978 ad
1678 951 1756 978 nos

170 1019 260 1048 non
288 1005 493 1062 pervenit
518 1031 577 1037 —
605 1010 653 1047 ut
684 1005 741 1059 is,
773 1005 972 1062 inquam,
1005 1005 1099 1061 ipse
1125 1010 1348 1062 tamquam
1379 1005 1550 1047 ieiunus
1582 1007 1756 1062 ineptus

171 1074 351 1131 putidus
386 1074 662 1130 magistellus
705 1081 1070 1116 contemneretur.
1148 1080 1191 1116 at
1233 1087 1479 1131 speramus,
1526 1090 1654 1132 quem
1701 1074 1758 1116 ad

169 1143 369 1199 modum,
409 1158 541 1202 quom
576 1159 781 1202 pessume
819 1143 996 1185 habitus
1037 1143 1413 1197 circumferretur,
1457 1151 1604 1185 tamen
1636 1144 1756 1185 inve-

170 1213 254 1267 m't,
287 1213 363 1270 qui
389 1212 461 1255 vel
492 1228 571 1270 per
600 1228 770 1270 pannos
802 1220 1093 1269 agnoscerent
1128 1213 1350 1267 decorem,
1380 1220 1535 1270 postea
1566 1214 1756 1255 severio-

167 1280 289 1324 ribus
330 1282 462 1324 etiam
498 1281 785 1339 placiturum,
827 1283 1027 1336 remotis,
1060 1297 1171 1339 quae
1207 1297 1303 1323 eam
1342 1283 1482 1324 nitere
1524 1296 1612 1324 non
1643 1283 1755 1324 sine-

166 1349 295 1405 bant,
325 1349 557 1405 adhibitis,
592 1366 704 1408 quae
733 1351 801 1393 sui
830 1351 1085 1393 similiorem
1107 1350 1308 1393 reddant.

918 1503 992 1557 ΙΙΙ.

288 1625 475 1669 Codices
507 1626 636 1668 huius
675 1625 778 1668 libri
808 1625 1015 1682 permulti
1045 1626 1330 1667 inveniuntur
1370 1627 1486 1684 iique
1526 1635 1600 1670 aut
1629 1628 1754 1683 tales,

167 1701 217 1737 ut
245 1705 391 1738 certae
419 1695 613 1738 familiae
640 1695 866 1751 adsignari
887 1696 1057 1752 possint
1086 1700 1266 1751 propter
1297 1697 1587 1739 constantiam
1608 1697 1755 1740 lectio-

169 1764 260 1818 nis,
302 1770 377 1806 aut
415 1778 472 1805 ex
508 1764 697 1805 diversis
748 1763 926 1805 familiis
978 1763 1168 1806 conflati.
1219 1763 1410 1806 familias
1451 1767 1754 1808 constituimus

168 1839 259 1875 tres
287 1847 340 1874 ac
368 1833 617 1875 notavimus
647 1847 720 1875 eas
761 1832 954 1875 numeris
1001 1835 1042 1887 1,
1085 1834 1129 1887 2,
1171 1834 1218 1888 3,
1257 1834 1334 1875 ubi
1375 1849 1524 1877 omnes
1560 1835 1756 1877 eiusdem

169 1908 318 1944 sectae
349 1902 523 1944 codices
555 1903 846 1944 consentiunt.

285 1971 463 2014 Primae
494 1971 688 2013 familiae
721 1971 947 2014 codicibus
986 1977 1083 2013 octo
1113 1972 1183 2013 usi
1223 1987 1392 2027 sumus,
1435 1988 1619 2031 quorum
1647 1975 1756 2016 anti-

171 2041 386 2098 quissumi
417 2046 459 2082 et
491 2041 656 2098 optumi
697 2047 798 2083 sunt
827 2041 1056 2082 Parisinus
1095 2041 1275 2098 7711(p)
1299 2057 1412 2084 saec.
1446 2042 1535 2097 IX,
1570 2044 1753 2101 7231(n)

170 2125 284 2153 saec.
317 2110 364 2151 X
393 2109 758 2167 Herbipolitanus
790 2110 852 2168 (h)
883 2110 929 2151 in
960 2110 1147 2152 confinio
1175 2111 1403 2168 utriusque
1435 2112 1599 2153 saeculi
1622 2113 1756 2169 scrip-

166 2186 252 2222 tus.
286 2194 344 2222 ex
372 2194 459 2222 uno
500 2193 574 2221 eos
604 2178 787 2222 fluxisse
823 2179 1023 2235 exemplo
1063 2179 1166 2221 inde
1207 2179 1413 2235 colligas,
1455 2181 1572 2237 quod
1606 2189 1756 2224 carent

169 2250 386 2307 principio
416 2263 558 2307 usque
588 2249 645 2291 ad
675 2248 814 2291 verba
853 2249 956 2290 ‘tria
998 2254 1098 2290 sunt
1137 2253 1350 2306 tempora'
1384 2248 1441 2307 (9,
1478 2249 1564 2307 10).
1605 2250 1756 2292 simili-

167 2318 275 2360 tudo
306 2324 454 2360 tamen
484 2333 573 2360 non
603 2324 726 2360 tanta
764 2323 849 2372 est,
890 2323 938 2359 ut
975 2331 1055 2374 pro
1090 2331 1178 2359 uno
1212 2319 1417 2373 usurpari
1449 2319 1640 2375 possint:
1677 2333 1756 2360 sua

171 2388 289 2430 enim
316 2388 620 2445 unusquisque
651 2387 784 2429 habet
814 2386 952 2440 bona,
989 2392 1037 2427 ut
1062 2400 1116 2438 p:
1149 2388 1216 2440 51,
1250 2387 1288 2441 8,
1322 2388 1387 2441 62,
1426 2389 1459 2441 1,
1492 2389 1558 2442 73,
1591 2390 1654 2442 10,
1688 2390 1754 2441 91,

175 2457 239 2510 12,
275 2457 367 2510 102,
402 2456 440 2510 8,
476 2458 568 2510 115,
600 2458 649 2511 4;
688 2470 738 2499 πε
788 2459 855 2510 47,
899 2458 962 2509 14,
994 2456 1061 2509 53,
1098 2457 1161 2510 15,
1195 2457 1351 2510 54,12,
1386 2458 1452 2511 61,
1486 2458 1553 2511 20,
1587 2459 1653 2510 66,
1691 2458 1753 2510 12,

172 2525 239 2578 78,
273 2526 337 2579 10,
370 2526 463 2579 117,
491 2526 530 2579 9,
563 2526 655 2580 138,
679 2527 717 2578 2,
750 2526 842 2579 159,
879 2527 942 2579 14,
977 2525 1069 2578 163,
1104 2526 1166 2578 15,
1205 2525 1296 2579 181,
1333 2527 1380 2566 11
1416 2532 1457 2567 et
1493 2527 1556 2579 12,
1589 2526 1681 2578 186,
1720 2527 1753 2578 ’1,

176 2594 268 2647 191,
300 2594 338 2647 3,
374 2594 470 2647 205,
504 2596 552 2647 5,
593 2597 641 2635 lz:
687 2595 750 2648 18,
796 2596 831 2648 1,
871 2595 938 2648 36,
983 2595 1046 2647 19,
1082 2596 1149 2647 41,
1188 2596 1226 2648 4,
1259 2596 1327 2648 44,
1364 2597 1398 2648 1,
1441 2597 1508 2648 51,
1543 2597 1580 2647 5,
1615 2596 1680 2647 70,
1715 2595 1752 2647 3,

172 2663 240 2717 87,
276 2663 340 2716 16,
376 2663 469 2717 116,
499 2665 536 2716 7,
574 2664 667 2716 121,
704 2665 739 2717 1,
776 2665 868 2716 114,
900 2663 962 2717 18,
999 2664 1091 2716 156,
1120 2664 1158 2716 4,
1198 2664 1289 2717 160,
1330 2665 1393 2717 14,
1432 2664 1522 2716 163,
1566 2664 1629 2716 13,
1664 2664 1754 2715 165,

173 2732 237 2785 10,
270 2731 363 2786 185,
400 2732 463 2785 15,
497 2731 588 2785 189,
625 2733 688 2773 17.
730 2731 927 2774 eiusdem
956 2732 1132 2787 generis
1164 2730 1343 2773 fuerunt
1377 2731 1462 2773 duo
1493 2731 1754 2788 Gryphiani,

275 2881 313 2924 1)
338 2893 417 2915 nam
444 2883 582 2916 Catonis
609 2884 652 2916 de
688 2893 724 2916 re
755 2883 903 2923 rustica,
938 2883 995 2924 qui
1028 2884 1160 2925 passim
1185 2883 1219 2914 in
1247 2884 1469 2915 recentiorem
1495 2881 1662 2913 sermonis
1687 2879 1757 2911 for-

170 2949 260 2971 mam
285 2945 433 2973 mutatus
460 2947 533 2980 est,
559 2939 615 2972 hic
639 2941 724 2972 ratio
752 2941 874 2973 haberi
899 2942 1028 2981 nequit.
