1907 3166
180 1579 226 1610 49

261 163 346 205 302
913 167 1120 205 NOTAE.

261 279 321 310 scd
350 279 543 320 frequenter
568 280 631 311 sul)
659 280 721 312 liae
749 282 866 324 specie
893 280 974 313 latet
997 273 1174 316 adulatio’.
1227 283 1350 314 citatur
1373 283 1475 316 etiam
1499 283 1542 316 ab
1567 283 1631 319 lul.
1650 282 1764 317 Rufln.

264 339 287 370 Ι.
315 336 371 371 33,
425 338 500 379 qui.
527 345 561 370 ut
591 339 693 371 Rutil.
722 340 808 383 [ηιμ.
841 340 879 378 ΙΙ,
913 339 954 371 18
979 339 1200 383 παρρησίαν
1228 342 1392 386 appellat.
1436 343 1670 387 Hermogenes
1694 353 1765 376 rem

258 397 307 427 siv
335 397 499 428 ‹lusci-ibit
527 407 566 429 π.
595 393 646 432 ἰὸ,
672 397 752 437 233,
787 399 825 431 19
849 394 1002 430 ἔννοιαί
1030 395 1100 432 εἰσι
1128 401 1301 443 τραχεῖαι
1328 399 1448 433 πᾶσαι
1479 396 1522 434 αἱ
1545 400 1622 434 τῶν
1648 396 1767 444 μειζό-

256 464 335 485 νων
358 450 576 496 προσώπων
603 449 823 499 ἐπιτίμησιν
851 452 1003 499 ἔχουσαι
1039 451 1118 490 ἀπό
1144 468 1249 497 τινος
1280 460 1357 491 ταῖν
1381 453 1594 493 ἐλαττόνων
1616 454 1766 503 προσοί-

259 523 342 544 πων
369 507 718 555 ἀπαρακαλύπτως.
778 517 868 548 idem
896 523 1008 549 mom-t
1035 518 1298 552 nonnosum-nem
1322 530 1463 563 perraro
1492 520 1620 554 habere
1642 519 1768 552 καθα-

257 567 330 612 ρὰν
356 567 589 616 τραχύτητα,
617 584 655 606 π.
680 571 731 607 ἰδ.
761 574 842 615 233,
875 575 916 608 19
955 577 1114 619 pluruma
1149 578 1305 610 licentiae
1331 579 1492 623 exempla
1517 579 1640 622 Lysias
1664 589 1765 623 prae-

257 632 328 667 lwt.
360 634 391 664 iu
422 634 542 676 primis
570 635 601 666 iu
630 645 678 670 or,
712 635 809 674 xxi,
841 647 896 679 up.
929 637 1032 671 Ιεοςι·ο
1063 637 1138 668 Vlll
1175 637 1347 669 licentiam
1379 637 1507 670 liabent
1538 637 1624 671 liaeo
1648 638 1764 672 omnia

256 690 389 727 3—(502
431 694 599 736 mitigatio
632 695 770 726 additur
801 696 866 729 72.
906 695 988 730 ll-t.
1020 695 1106 733 l2·l;
1145 706 1201 738 ap.
1232 696 1395 728 Aeseliin.
1426 698 1458 739 1,
1490 697 1555 730 177
1591 697 1761 740 mitigatio

257 751 426 783 :uitecedit
455 751 640 788 licentiam.
679 754 723 786 cs.
744 760 920 797 praetcrea
939 754 1035 789 Dein.
1068 756 1122 789 ΙΙΙ,
1152 755 1197 787 {x
1216 756 1359 798 passim,
1380 755 1511 801 XVIII,
1533 755 1611 800 138,
1638 756 1763 794 xxm,

260 808 336 846 146,
365 810 510 853 Lycurg.
537 813 593 847 27.
619 812 688 847 Cic.
719 824 752 856 p.
780 813 878 846 Caec.
906 816 940 846 4.
969 825 1004 857 p.
1031 814 1122 849 Sest.
1149 814 1208 849 94.

354 870 430 907 181,
457 877 484 905 3.
512 871 671 903 similiter
694 872 763 904 Cic.
792 883 827 916 p.
848 873 946 905 Caco.
967 874 988 905 ΙΙ
1011 867 1090 917 ‘ego
1112 873 1195 906 milii
1225 874 1418 917 persuadeo
1443 891 1491 897 —-
1511 884 1574 907 vos
1598 891 1645 897 —
1669 873 1761 915 quod

255 928 389 960 videtur
413 930 457 962 ad
476 941 643 963 summam
671 931 764 963 illius
786 933 961 974 (Aebutii)
980 934 1282 965 existumatioueul
1303 933 1367 967 lioc
1390 933 1555 966 iudicium
1575 933 1760 976 pertinere,

255 998 382 1019 moram
410 988 452 1020 ad
480 989 777 1023 condemnandum
804 992 1022 1033 acquisisse?
1047 986 1332 1034 (qunesivissc?)⁹
1429 997 1458 1027 8.
1492 1001 1573 1025 non
1605 996 1762 1024 contra

254 1048 450 1079 tenuiter
475 1067 520 1071 —
547 1059 819 1092 responsum.
873 1049 943 1085 Cic.
970 1062 1003 1094 p.
1033 1050 1167 1087 Clueut,
1196 1051 1242 1084 60
1259 1045 1407 1091 ‘utrum,
1433 1061 1498 1094 per
1523 1051 1607 1085 deos
1633 1051 1760 1084 inmor-

255 1107 345 1142 talis,
373 1108 486 1148 magis
507 1114 556 1139 est
580 1109 796 1146 mirandum,
826 1110 916 1151 quod
943 1110 971 1142 is
992 1111 1240 1143 condemnatus
1266 1118 1330 1152 cst,
1355 1121 1398 1143 an
1426 1111 1517 1152 quod
1543 1111 1682 1143 omnino
1707 1121 1759 1143 re-

254 1167 425 1208 sponderi·
453 1177 556 1198 ausus
582 1163 677 1199 ‹¹⁵th
727 1175 770 1199 ιο.
799 1168 969 1201 sedetis
997 1176 1031 1201 vt
1060 1170 1355 1213 auspicamini
1382 1170 1485 1214 plane
1503 1170 1663 1202 convenit
1682 1179 1759 1203 cum

255 1226 502 1269 Aristoplmuio
539 1227 616 1268 Lys,
654 1227 720 1260 507
751 1221 982 1270 ὀττευομένη
1013 1223 1054 1260 δὲ
1084 1223 1266 1271 κάθηται.
1330 1239 1419 1262 nunc
1450 1230 1587 1262 demum
1619 1238 1758 1261 sensum

254 1284 378 1317 liabent
405 1287 601 1327 sequa-ntia:
626 1280 709 1318 'luri
731 1294 882 1322 uncta-ni.
915 1295 1012 1320 nocte
1032 1288 1140 1321 lucem
1168 1281 1368 1332 expectatis'
1400 1298 1487 1330 quae
1509 1289 1551 1326 si,
1579 1292 1615 1320 ut
1642 1287 1757 1331 volgo,

249 1337 469 1376 ‘oscitauiini’
499 1345 642 1388 legatur.
668 1347 700 1378 iu
728 1347 835 1379 altero
859 1347 1012 1379 membro
1035 1354 1150 1380 carent
1177 1357 1301 1380 sensu:
1335 1347 1400 1380 luci
1427 1348 1518 1380 enim
1538 1351 1672 1380 noctem
1699 1355 1759 1378 ex-

251 1410 406 1446 pectant,
436 1405 493 1446 qui
517 1406 724 1445 oscitautur,
753 1417 818 1438 nou
845 1407 925 1439 item
954 1414 1051 1438 nocte
1079 1406 1202 1442 luc-em.
1303 1413 1347 1439 15.
1375 1407 1509 1442 alitis.
1548 1406 1599 1439 sic
1629 1404 1754 1440 Aescli.

254 1464 310 1501 111,
338 1464 418 1496 256.
473 1461 591 1496 οἴεται
617 1458 717 1507 ὑμᾶς
740 1462 793 1503 εἰς
818 1463 1004 1498 τοσοῦτον
1022 1459 1206 1508 εὐηθείας
1224 1458 1302 1508 ἤδη
1322 1460 1603 1511 προβεβηκέναι
1618 1482 1666 1488 -
1687 1456 1759 1496 ὅσ·

251 1532 320 1565 περ
349 1517 483 1555 Πειθώ
511 1519 740 1565 τρέφοντας,
767 1518 844 1557 ἀλλ’
872 1518 917 1557 οὗ
945 1520 1197 1568 συκοφάντην
1216 1519 1435 1567 ἄνθρωπον
1455 1518 1496 1558 ἒν
1521 1522 1569 1569 τῇ
1585 1517 1706 1558 πόλει.

255 1589 296 1613 tu.
327 1584 538 1616 sotim-tis
567 1602 612 1607 >—-
638 1585 676 1616 in
705 1586 901 1620 civitate,
931 1586 1050 1617 ends-m
1079 1585 1150 1618 l'crc
1177 1586 1282 1618 verba
1308 1585 1409 1617 habet
1434 1583 1505 1619 Cic.
1525 1585 1624 1618 Verr.
1653 1583 1692 1623 ΙΙ,
1720 1581 1755 1622 2,

252 1642 307 1675 76.
349 1660 395 1664 -
447 1649 489 1677 17.
525 1644 897 1686 mitigatiouilvus.
959 1645 1184 1687 mitigationis
1221 1643 1418 1686 exemplum
1452 1643 1533 1676 vide
1559 1652 1617 1685 ap.
1654 1640 1753 1673 Dem.

253 1701 349 1735 vm.
377 1701 419 1733 41
449 1707 480 1732 et
510 1701 615 1743 plura·
645 1702 746 1733 allata
782 1703 824 1734 al)
852 1703 1012 1745 lim-mog.
1043 1713 1083 1734 π.
1111 1698 1163 1737 ld.
1189 1702 1275 1741 ⁶253,
1303 1702 1324 1735 3
1345 1713 1421 1744 sqq.
1473 1694 1755 1743 ἒπιὸιόρθωσιν

250 1760 401 1802 appellat
427 1759 541 1794 Tibcr.
571 1761 662 1793 Vlll.
687 1760 768 1793 434.
1589 1769 1592 1771 ’

346 1818 425 1852 182,
454 1825 478 1853 1,
515 1819 576 1850 ira
589 1829 637 1850 cu
650 1819 775 1851 udiac
811 1820 1033 1855 molestia.
1093 1820 1254 1852 meliores
1278 1820 1357 1852 libri
1382 1817 1439 1852 hie
1466 1817 1754 1851 incommodissu-

249 1887 338 1909 mam
365 1888 424 1909 ncc
452 1877 531 1909 huic
555 1879 715 1921 scriptori
744 1887 943 1912 cousuetam
971 1879 1116 1913 sormam
1144 1879 1304 1920 loquendi
1329 1879 1457 1911 liabent
1484 1877 1754 1910 iracundiam

247 1942 282 1967 et
308 1936 576 1977 molestiam,
603 1937 661 1968 ubi
688 1938 926 1980 significantur
950 1938 1073 1971 offensi
1100 1937 1238 1971 licentia
1264 1938 1454 1974 auditores.
1553 1944 1582 1970 5.
1610 1937 1754 1969 alterum

248 2006 357 2038 genus
383 1996 493 2028 solum
522 2002 571 2028 cst
598 1996 799 2035 Quintiliani
827 1998 996 2030 sententia
1022 1997 1174 2039 schema,
1204 1998 1334 2041 quippe
1360 1997 1600 2031 assimulatum
1627 2002 1659 2029 et
1683 2001 1755 2028 arte

247 2056 495 2098 compositum,
519 2055 564 2090 cf.
595 2055 617 2088 Ι.
647 2067 677 2090 c.

344 2114 430 2152 183,
458 2122 486 2150 2.
522 2116 700 2148 nimium
737 2115 924 2148 creditis
956 2116 1214 2158 unicuique.
1275 2115 1452 2150 Demosth.
1480 2125 1538 2160 ap.
1573 2115 1752 2154 Rutil.1[‚

251 2174 310 2208 18:
344 2168 422 2207 ‘vos
455 2193 502 2198 —
535 2175 670 2219 decepti
697 2176 780 2207 estis
816 2180 944 2208 temere
977 2176 1137 2209 omuibus
1170 2167 1366 2208 credendo’.
1429 2186 1433 2190 ’
1486 2182 1515 2210 7.
1540 2174 1752 2208 licentiae

247 2234 335 2266 male
367 2234 521 2266 additum
549 2234 590 2266 ab
623 2234 809 2278 interprete
834 2245 896 2278 pro
926 2228 1092 2278 ‘generis‘
1115 2235 1207 2276 quod
1240 2234 1362 2267 abesse
1394 2239 1507 2266 tamen
1530 2238 1655 2277 potest.

249 2300 293 2327 tl.
321 2299 397 2337 post
425 2293 586 2337 exempla
612 2304 678 2326 uon
704 2294 853 2337 amplius
879 2294 977 2326 locus
1003 2299 1053 2327 cst
1086 2293 1315 2337 explicandae
1345 2292 1478 2336 duplici
1511 2292 1592 2326 hnic
1615 2293 1754 2337 mitiga·

247 2354 349 2385 tioni:
386 2352 543 2396 profecta
571 2363 648 2386 esse
681 2353 819 2386 videtur
840 2353 926 2386 hacc
961 2354 1134 2387 annotatio
1161 2353 1203 2385 ab
1231 2353 1352 2385 eodem
1379 2352 1520 2395 lectore,
1559 2353 1618 2395 qui
1644 2352 1752 2385 multa

245 2412 374 2443 similia
399 2412 574 2454 prioribus
601 2412 698 2444 libris
724 2412 854 2447 allevit.
963 2417 1006 2445 17.
1043 2413 1385 2445 deminutionem
1416 2412 1527 2456 tangit
1554 2410 1625 2447 Cic.
1654 2411 1748 2446 Part.

244 2470 289 2502 22
310 2463 438 2502 ‘movet
465 2471 572 2503 oratio
596 2487 644 2493 ·—
669 2481 756 2513 quae
783 2489 829 2494 —
856 2471 1028 2515 significat
1054 2472 1198 2505 oratoris
1224 2472 1335 2515 ipsius
1358 2470 1517 2504 amabilis
1541 2480 1668 2511 mores,
1692 2471 1751 2513 qui

246 2529 487 2571 exprimuntur
515 2547 563 2552 —
584 2529 769 2563 inflexione
796 2531 984 2571 sermonis,
1019 2541 1122 2573 quom
1151 2536 1208 2563 aut
1243 2530 1394 2574 augendi
1426 2530 1567 2564 alterius
1597 2536 1655 2564 aut
1684 2530 1750 2562 mi-

246 2587 373 2619 nuendi
400 2587 454 2619 sui
482 2597 583 2619 causa
610 2587 678 2619 alia
705 2588 774 2620 dici
799 2589 840 2621 ab
868 2595 1020 2630 oratore,
1046 2590 1115 2622 alia
1137 2590 1338 2622 existumari
1357 2589 1534 2632 videntur,
1561 2589 1668 2632 idque
1691 2599 1750 2623 eo-

243 2648 362 2679 mitate
394 2645 469 2678 fieri
503 2647 614 2689 magis
647 2657 748 2687 quam
780 2642 952 2681 vanitate'.
1003 2649 1143 2681 brevius
1178 2649 1330 2692 tangitur
1355 2647 1413 2683 Or.
1443 2648 1522 2684 137.
1572 2648 1642 2683 huc
1665 2649 1749 2683 facit

244 2706 346 2737 etiam
372 2704 452 2737 Sen.
481 2703 582 2740 Suas.
609 2704 648 2744 9,
677 2705 755 2748 Bip.
782 2706 841 2738 ubi
867 2707 1067 2749 scripserim
1093 2701 1193 2740 ‘haec
1219 2717 1285 2748 quo
1311 2707 1414 2740 modo
1441 2717 1485 2739 ex
1510 2709 1681 2751 corruptis
1707 2720 1747 2743 eo

241 2765 464 2809 perveniant,
489 2768 526 2795 ut
546 2768 578 2796 et
595 2773 739 2806 magna,
765 2774 828 2797 nec
847 2770 959 2797 tamen
980 2766 1102 2797 insana
1121 2765 1243 2809 (volgo
1263 2759 1393 2808 ‘sana')
1415 2767 1495 2806 sint,
1518 2767 1633 2800 aiebat
1655 2767 1748 2801 Mae-

246 2834 349 2857 cenas
371 2823 465 2866 apud
489 2822 683 2867 Vergilium
709 2823 863 2866 intellegi
889 2817 1016 2866 posse'.
1054 2824 1216 2868 Hei-mog.
1241 2825 1399 2868 pluribus
1422 2825 1513 2858 hanc
1536 2819 1746 2859 ἐπιείκειαν

243 2887 365 2915 tractat
393 2891 433 2917 π,
461 2877 514 2915 ld.
542 2881 628 2924 328,
656 2882 810 2915 adhibito
831 2882 1008 2916 Demosth.
1035 2883 1127 2921 XVI,
1156 2883 1211 2923 16,
1238 2883 1317 2924 XX,
1337 2885 1371 2924 2,
1401 2883 1457 2925 13,
1483 2884 1565 2926 102,
1589 2883 1686 2921 XXI.
1711 2885 1744 2926 l,

245 2940 370 2983 XXIII,
397 2941 432 2981 4,
459 2941 517 2982 24,
543 2941 688 2982 XXVII,
717 2941 747 2973 1.
775 2937 916 2974 accedat
943 2940 1013 2976 Cic.
1039 2952 1075 2985 p.
1107 2941 1206 2978 Balb,
1231 2941 1264 2974 1.
