1971 3182
166 160 252 190 VIII
818 155 1102 187 PRAEFATIO.

170 264 400 319 posuitque
434 263 478 302 in
519 258 668 300 libello
709 273 838 315 quem
876 257 1111 300 ‘Iudicium
1144 258 1399 301 secundum'
1433 265 1476 302 et
1515 260 1562 301 in
1595 258 1747 314 altero,

172 346 300 388 quem
332 329 655 371 <Def0ns0rom’
689 327 927 383 inscripsit.
968 333 1012 368 at
1043 327 1202 383 ipsius,
1231 342 1316 384 qua
1345 342 1451 371 usus
1474 335 1579 382 erat,
1612 326 1748 380 Quin-

171 398 311 439 tiliani
342 397 600 439 auctoritate
638 395 920 437 adversarius
959 409 1132 452 quoque
1162 396 1399 451 Ricoboni,
1440 396 1608 439 Marius
1638 397 1748 439 Mat-

170 468 255 508 tius
289 466 575 522 (Opinionum
603 464 705 506 libri
732 464 814 518 III,
845 465 1088 521 175-188)
1118 465 1361 518 nitebatur,
1389 470 1432 506 et
1457 478 1514 506 ex
1532 464 1622 507 levi
1643 480 1747 523 qua-

172 534 272 575 dam
299 532 580 589 neglegentia
608 533 654 573 in
685 533 778 574 eius
814 533 963 574 verbis
992 532 1083 590 IX,
1120 534 1166 587 3,
1209 534 1263 574 69
1298 532 1512 587 notanda,
1549 532 1628 575 ubi
1662 539 1748 575 tra-

172 602 387 643 ductionis
420 600 668 657 excmplum
699 615 798 642 cum
838 601 975 643 altero
1015 601 1386 643 adnominationis
1424 615 1481 643 ex
1512 600 1748 644 Cornificio

171 670 358 711 afferens
393 670 539 711 omisit
567 669 802 711 admonere
830 669 913 711 1100
938 669 1125 712 alterum
1154 670 1444 712 traductionis
1474 684 1563 712 non
1593 670 1749 726 esse¹),

172 738 330 780 deinde
367 753 423 780 ex
461 737 630 780 duobus
671 738 870 780 lectionis
908 738 1051 793 vitiis,
1095 739 1234 781 altero
1274 738 1345 780 hic
1375 738 1513 781 altero
1553 737 1646 780 illie
1682 752 1748 780 re-

171 806 341 862 110102),
380 807 718 862 apertissuinum
745 807 982 848 discrimen
1013 808 1260 864 repperisse
1297 807 1576 866 seputabat.
1637 821 1749 865 quae

172 881 400 930 practerea
432 889 535 916 suae
567 876 762 932 opinioni
790 875 1030 917 firmandae
1057 876 1203 918 attulit
1233 876 1436 930 Mattius,
1471 891 1526 918 ne
1559 875 1750 932 speciem

176 942 351 999 quidem
382 942 543 984 habent
574 944 795 998 veritatis,
834 952 980 986 tamen
1011 944 1144 986 fidem
1174 945 1423 987 tribuerunt
1452 945 1491 986 ei
1527 943 1672 998 multi,
1704 945 1750 985 in

176 1010 331 1067 quibus
364 1011 413 1052 P.
455 1011 746 1068 Burmannff),
788 1021 918 1070 atque
962 1013 1246 1056 Cornificium
1285 1015 1372 1055 iam
1410 1012 1629 1055 sublatum
1666 1013 1752 1054 rati

175 1085 249 1120 aut
279 1079 623 1136 desperaverunt
660 1082 713 1123 de
745 1082 1011 1124 inveniendo
1043 1090 1239 1135 auctore,
1279 1088 1327 1124 ut
1356 1082 1451 1138 ipse
1480 1081 1747 1137 Burmann&

174 1153 408 1204 nostraque
436 1156 578 1190 aetate
601 1150 797 1207 plerique
820 1150 916 1191 VV.
940 1150 1057 1204 DD„
1081 1158 1155 1192 aut
1177 1152 1593 1207 circumspexerunt,
1621 1165 1749 1207 quem

174 1215 280 1257 orbo
312 1215 461 1258 libello
485 1224 652 1273 patrem
679 1218 984 1273 adsignarent,
1025 1233 1050 1260 a
1084 1220 1297 1261 Cicerone
1327 1219 1442 1259 enim
1477 1225 1577 1274 post
1608 1217 1749 1275 Raph.

174 1282 303 1337 Regii
333 1283 401 1324 Fl.
432 1283 583 1325 Sabini
618 1286 888 1342 aliorumque
915 1301 1123 1328 censuras
1156 1287 1288 1342 volgo
1319 1286 1668 1329 abiudicabatur.

288 1351 459 1394 Primus
495 1360 640 1395 autem
671 1355 836 1409 Regius
868 1369 981 1396 anno
1018 1356 1124 1396 1492
1166 1362 1364 1397 senserat
1396 1355 1623 1397 Ciceronis
1655 1370 1751 1398 esse

174 1434 259 1459 non
291 1435 420 1476 posse
457 1436 585 1477 opus,
627 1422 680 1463 de
723 1437 807 1479 quo
838 1422 1136 1475 Quintilianus
1174 1424 1406 1480 tace1·ct⁵);
1445 1425 1751 1466 rectis'sumum

271 1545 304 1586 1)
332 1557 372 1578 ea
398 1548 629 1581 admonitione
652 1560 717 1581 non
743 1560 829 1592 opus
857 1556 925 1581 erat
953 1550 995 1582 ad
1023 1550 1243 1592 explodenda
1276 1551 1436 1594 exempla
1469 1551 1598 1594 frigida
1623 1552 1750 1585 iudicio

175 1604 394 1646 Quintiliani,
427 1617 571 1646 qnorum
596 1608 724 1639 seilicet
757 1608 876 1639 vitium
903 1609 1101 1649 quantitatis
1134 1609 1320 1641 mutatione
1347 1619 1411 1641 non
1441 1610 1620 1642 videbatur
1645 1611 1751 1643 minui

176 1671 296 1704 posse:
323 1663 436 1704 itaque
461 1665 571 1697 solum
596 1666 820 1698 traductionis
848 1677 968 1699 110111οι1
995 1668 1128 1709 posuit,
1157 1668 1446 1701 adnominationis
1474 1669 1600 1703 omisit.

269 1720 309 1761 ⁴2)
329 1715 532 1765 ‘occupatio'
557 1725 678 1757 menda
704 1726 855 1757 omnium
882 1725 981 1759 codd.
1012 1731 1061 1757 est
1085 1726 1159 1767 164,
1190 1727 1241 1761 17,
1267 1736 1368 1766 quam
1387 1731 1476 1758 recte
1496 1726 1632 1759 sustulit
1650 1727 1750 1770 Spal-

177 1778 278 1821 ding;
314 1779 358 1811 cf.
394 1781 440 1813 ibi
474 1781 549 1813 Not.
584 1789 729 1815 nostras.
789 1784 915 1816 frustra
948 1784 1135 1828 triumphat
1161 1785 1314 1816 Mattius:
1348 1778 1437 1817 ‘solo
1466 1784 1530 1817 11οο
1556 1787 1750 1819 testimonio

178 1844 346 1880 coguntur
372 1840 474 1871 velint
511 1841 615 1873 nolint
650 1841 868 1875 Cornil'iciani
903 1840 1000 1874 fateri
1033 1853 1247 1885 nequaqnam
1280 1843 1343 1876 lios
1378 1843 1483 1875 libros
1517 1853 1536 1875 a
1571 1842 1751 1877 Cornificio

176 1897 389 1940 conscriptos·
423 1898 548 1937 fuisse,
586 1911 693 1944 neque
728 1902 866 1933 0111111110
900 1912 1017 1933 verum
1053 1913 1129 1935 esse
1161 1902 1252 1944 1111011
1284 1901 1436 1933 scribunt
1469 1901 1555 1933 nihil
1588 1902 1752 1936 tribuisse

178 1954 318 1987 Fabium
345 1956 547 1997 Cornificio,
574 1959 664 2000 qnod
691 1959 724 1990 in
751 1959 944 1992 Rhetoricis
971 1960 1014 1992 ad
1034 1961 1240 1992 Herennium
1262 1970 1325 1992 non
1345 1953 1575 1994 inveniretur.'
1614 1962 1752 1994 omnino

177 2024 294 2046 verum
321 2022 382 2047 est.
433 2018 560 2059 qnippe
580 2017 830 2056 Quintilianeus
859 2028 992 2059 qttoque
1020 2018 1113 2050 loeus
1136 2019 1193 2057 tx,
1220 2019 1253 2057 3,
1274 2017 1332 2060 Ol,
1361 2019 1417 2060 qni
1443 2019 1622 2051 videbatur
1645 2020 1751 2053 refra-

177 2074 250 2115 gari
278 2066 370 2105 ‘nam
399 2081 429 2107 et
464 2075 548 2107 haec
582 2075 784 2109 Cornificius
816 2083 916 2118 atque
951 2078 1097 2110 Rutilius
1131 2078 1306 2111 schemata
1337 2073 1468 2117 λέξεως
1499 2071 1648 2121 putant'‚
1683 2081 1751 2112 iam

177 2133 331 2174 congruit
359 2133 513 2165 adhibita
546 2141 763 2177 optumorum
796 2135 897 2170 codd.
935 2136 1079 2169 lectione
1104 2130 1198 2169 ‘nam
1229 2143 1261 2169 et
1293 2137 1358 2169 1100
1383 2155 1430 2159 -
1458 2130 1616 2170 schema'
1649 2143 1684 2170 ut
1710 2137 1752 2170 de

176 2190 250 2222 sola
275 2191 471 2224 definitione
495 2198 626 2235 agatur.

271 2248 310 2290 3)
338 2250 371 2281 in
398 2251 506 2293 Epist.
536 2252 652 2284 Dedic.
682 2253 835 2295 praefixa
861 2253 915 2287 cd.
946 2253 1176 2292 (ii-aermnae,
1202 2253 1313 2296 Lugd.
1335 2252 1407 2285 Bat.
1439 2252 1539 2294 1761,
1566 2265 1601 2298 p.
1625 2255 1749 2289 xxvt.

270 2308 310 2350 4)
336 2308 358 2342 l.
387 2319 416 2339 e.
442 2308 601 2341 XXXVI.

272 2364 311 2406 5)
337 2366 466 2409 Regius
491 2367 651 2400 refutavit
678 2368 774 2407 illos,
809 2369 866 2410 qui
901 2369 1123 2412 inscriptione
1150 2375 1181 2402 01
1207 2370 1420 2411 quorundam
1456 2371 1661 2414 scriptorum
1693 2384 1753 2406 au-

179 2424 333 2455 ctoritate
358 2424 497 2466 probari
531 2427 697 2468 putabant
730 2425 904 2459 Ciceronis
937 2438 1012 2459 esse
1041 2427 1126 2459 haec
1160 2428 1359 2465 Rhetorica;
1393 2430 1563 2461 mentione
1589 2430 1694 2463 Tullii
1720 2437 1752 2464 et

179 2482 358 2514 Terentiae
385 2483 431 2514 nil
458 2484 548 2516 effici
575 2487 725 2525 monuit3
753 2487 954 2518 rectissume
981 2498 999 2517 a
1028 2485 1140 2524 Quint.
1170 2488 1227 2526 tv,
1255 2488 1292 2525 5,
1319 2486 1340 2519 3
1368 2487 1479 2519 locum
1506 2498 1548 2519 ex
1579 2488 1678 2522 Rhet.
1707 2490 1752 2522 ad

181 2540 386 2573 Herennium
413 2540 485 2583 (16,
513 2541 552 2583 (3)
578 2544 782 2586 reprehendi
808 2543 975 2578 intellexit
1002 2546 1247 2586 anttotavitque
1270 2555 1336 2577 non
1359 2546 1541 2578 taciturum
1566 2546 1694 2588 fuisse,
1721 2550 1753 2581 si

181 2598 354 2630 Ciceronis
380 2599 466 2631 illud
492 2610 578 2644 opus
604 2608 775 2644 putasset:
805 2603 883 2633 item
909 2602 995 2634 hene
1025 2603 1191 2635 iudicavit
1215 2604 1258 2637 de
1285 2606 1400 2639 verbis
1426 2607 1484 2646 III,
1511 2605 1546 2643 6,
1571 2605 1616 2638 45
1637 2598 1752 2638 ‘dixe-

180 2663 255 2688 runt
284 2658 547 2690 coniecturalem
583 2659 730 2702 legalem
763 2661 1010 2700 iuridicialem,
1047 2662 1104 2702 qui
1139 2667 1171 2693 et
1205 2664 1370 2708 Verginio
1405 2657 1556 2708 placent'
1589 2664 1668 2697 vide
1694 2665 1749 2697 ed.

180 2715 294 2747 Burm.
323 2721 509 2758 praecepta
531 2717 745 2758 eloquentiae
772 2719 908 2750 diverso
936 2717 991 2751 hic
1018 2720 1137 2752 ordine
1163 2721 1253 2753 tradi
1288 2729 1391 2765 atque
1424 2724 1460 2755 in
1483 2721 1627 2764 reliquis
1651 2721 1684 2754 h.
1712 2733 1748 2765 g.

181 2772 353 2806 Ciceronis
377 2773 474 2805 libris
496 2775 754 2813 animadvertit:
781 2776 825 2808 cf.
849 2770 1045 2817 ε0111105110,
1072 2785 1184 2811 utrum
1210 2790 1264 2812 ars
1288 2782 1459 2813 rhetorica
1479 2781 1523 2813 ad
1543 2781 1751 2814 Herennium

179 2831 333 2864 Ciceroni
358 2831 446 2865 falso
470 2829 698 2874 inscribatur',
724 2845 811 2877 quae
836 2841 914 2878 post
940 2836 1013 2867 eius
1038 2837 1254 2870 Problemata
1277 2838 1310 2869 in
1337 2838 1450 2876 Quint.
1476 2840 1556 2871 Inst.
1586 2837 1643 2873 Or.
1671 2847 1752 2881 pro-

180 2890 241 2922 diit
265 2890 433 2931 Venetiis,
459 2900 512 2924 ao.
543 2890 644 2928 1492.
