1923 3182
826 183 1035 220 NOTAE.
1602 176 1686 218 283

176 300 292 341 risque
317 297 396 329 duci
422 296 544 339 potnit.
598 297 699 340 plane
729 297 780 328 sic
806 296 877 330 Cic.
910 296 1061 338 quuitur
1087 296 1175 330 I'liil.
1208 296 1257 334 X,
1283 296 1305 328 (5
1325 287 1428 326 ‘hanc
1454 293 1517 326 tibi
1544 304 1688 327 consue-

177 357 330 390 tudinem
357 356 532 399 plerisque
559 355 591 386 in
620 355 722 387 rebus
748 355 849 387 bonis
875 354 1090 387 obtrectandi
1115 356 1143 386 si
1171 355 1248 397 quis
1274 354 1482 392 detraxerit,
1507 354 1591 394 quid
1612 354 1686 393 tibi,

180 415 272 458 quod
296 415 363 447 sibi
391 415 536 455 quisque
564 413 663 451 velit,
690 425 757 447 non
785 405 1035 454 relinquetni·‘?'
1153 417 1197 444 17.
1236 413 1311 453 qui
1345 418 1478 445 artem
1511 414 1683 445 nescie—
1711 415 1733 447 6

180 479 289 508 runt.
351 472 430 506 inde
461 473 625 515 colligere
648 473 773 515 aliquis
807 472 917 515 possit
942 476 1014 502 arte
1040 480 1104 502 non
1140 480 1228 513 opus
1261 480 1357 510 esse,
1392 482 1455 504 nec
1489 473 1688 516 exemplum

180 534 295 578 ipsum
322 532 503 565 testabitur
530 542 572 563 ex
595 538 666 564 arte
693 533 832 575 egregie
859 530 956 562 illum
982 529 1178 572 scripsisse,
1205 529 1296 561 unde
1323 532 1467 573 petitum
1494 537 1558 566 est.

278 591 361 630 127,
396 597 425 623 4.
459 590 630 623 debebant
664 591 830 623 rationem
863 600 882 621 a
908 598 945 620 sc
971 588 1144 619 inventam
1172 587 1426 627 demonstrare,
1453 600 1520 631 qna
1546 590 1580 632 in
1606 591 1690 623 scri-

181 651 294 683 bendo
319 655 474 688 utantur,
503 655 535 682 at
565 649 599 681 id
623 659 689 681 non
716 648 858 686 faciunt,
881 647 1116 679 demonstrant
1137 652 1286 686 tantum,
1314 658 1416 688 qnam
1438 649 1604 681 rationem
1631 649 1690 681 alii

182 715 380 752 sequantur.
481 714 525 742 11.
555 707 865 740 artificiosum
892 706 1076 749 egregie
1111 704 1239 737 Schiitz
1272 703 1328 737 hic
1359 717 1494 749 quoque
1517 718 1536 739 a
1554 718 1692 740 succes-

183 769 320 802 soribus
356 767 533 811 neglectus
566 767 714 805 invenit,
746 775 835 797 nunc
859 764 1080 798 confirmatur
1105 764 1236 796 codicis
1259 764 1280 795 h
1305 767 1518 806 auctoritate,
1545 772 1580 798 ut
1606 767 1690 800 seri-

182 827 292 872 ptoris
318 837 397 866 usu,
423 825 468 860 cf.
496 825 554 864 99,
586 826 647 864 13;
678 825 756 864 116,
784 825 816 857 5.

281 885 366 925 128,
398 891 426 918 3.
459 891 532 917 aut
571 885 621 917 de
651 882 917 916 Paenvianis
956 880 1149 915 nuntios,
1217 881 1468 914 subscribimus
1501 883 1691 916 sententiae
1718 889 1738 920 7

186 944 322 984 Ore-ilii,
356 944 454 976 cuius
487 943 572 976 haec
606 943 711 975 verba
744 946 822 974 sunt
856 941 889 972 in
925 940 979 971 ed.
1015 939 1123 972 altera
1149 932 1389 972 ‘memorabile
1423 933 1693 974 illud‘nuntios'

184 1003 347 1045 (noverat
373 1013 417 1036 ex
447 1002 521 1036 solo
543 1001 605 1045 pl)
631 1002 722 1044 qnod
751 1006 841 1034 essct
867 993 935 1037 τὰς
951 995 1028 1031 τῶν
1048 991 1214 1040 ἀγγέλων
1237 995 1301 1029 καὶ
1321 990 1528 1041 ἔξαγγέλων
1551 992 1694 1041 ῥήσεις,

187 1073 225 1094 ac
251 1061 333 1094 vide
358 1063 459 1094 etiam
485 1066 586 1104 atque
611 1062 727 1097 etiam,
755 1071 796 1092 ne
823 1059 889 1091 hoc
915 1069 947 1089 v.
973 1068 1094 1101 parum
1123 1056 1332 1089 intellectum
1351 1059 1525 1101 pepererit
1544 1064 1695 1091 monstra

187 1121 371 1154 lectionum
398 1121 513 1153 statim
540 1120 776 1155 memoranda.
805 1118 1012 1150 inculcatum
1031 1123 1144 1149 antem
1164 1117 1207 1148 sit
1231 1127 1260 1147 v.
1283 1117 1460 1159 periodus,
1482 1117 1562 1158 quia
1582 1118 1696 1160 aptius

189 1189 255 1211 non
276 1172 504 1212 succurrebat'
529 1185 593 1213 etc.
627 1185 738 1210 tamen
761 1168 1051 1220 istnd‘periodos'
1077 1174 1271 1217 frequenter
1291 1181 1497 1208 memoratur
1517 1176 1558 1207 ab
1582 1186 1697 1208 recen-

187 1238 539 1271 tioribusLatinarum
556 1239 731 1270 literarum
748 1236 988 1279 scriptoribus,
1009 1241 1043 1267 ut
1060 1246 1079 1266 a
1090 1234 1313 1277 Bernliardyo
1329 1246 1362 1278 p.
1375 1234 1455 1274 366,
1465 1245 1516 1275 sq.
1541 1235 1699 1276 quamvis·

189 1299 340 1330 minume
372 1297 637 1330 Cornificiannm
670 1298 712 1329 sit
747 1306 808 1340 pro
835 1295 1103 1327 continuatione.
1158 1305 1277 1337 poem
1291 1294 1388 1328 atis,
1441 1298 1584 1336 propter
1610 1292 1700 1325 hanc

191 1356 336 1388 sormam
364 1356 460 1389 locus
487 1357 646 1389 laudatur
671 1366 691 1387 a
713 1355 890 1387 Prisciano
919 1354 990 1392 Vll,
1018 1354 1098 1387 774.
1197 1360 1224 1387 ς,
1254 1358 1493 1396 propterea
1523 1363 1541 1393 q
1554 1352 1635 1384 uod
1654 1370 1700 1373 —

191 1415 517 1459 intellegemus.
569 1415 654 1447 haec
681 1424 768 1455 qnae
790 1413 1028 1456 superioribus
1047 1405 1248 1456 ‘propterca
1274 1412 1366 1452 qnod
1390 1429 1436 1433 —
1461 1403 1625 1442 literatus’
1656 1410 1700 1442 ad

191 1475 358 1507 amussim
383 1474 611 1518 respondent,
645 1473 918 1513 sententiamque
944 1471 1070 1504 liabent
1096 1471 1443 1509 commodissumam,
1476 1481 1584 1513 pravo
1611 1470 1702 1502 iudi<

191 1534 244 1566 cio
269 1544 352 1567 usus
380 1533 507 1567 Schiitz
534 1533 665 1567 reiecit,
765 1537 809 1566 16,
834 1541 989 1574 parere
1023 1536 1058 1562 ut
1085 1530 1262 1573 complura
1288 1530 1362 1562 eius
1388 1531 1526 1573 generis
1553 1531 1701 1563 otiosum

193 1593 372 1632 lectorem,
400 1603 467 1627 non
487 1593 601 1636 ipsum
621 1591 825 1634 scriptorem
843 1589 1016 1622 dilucidae
1034 1590 1212 1622 brevitatis-
1232 1588 1536 1621 studiosissumum
1556 1589 1699 1621 redolet.

290 1650 367 1690 129,
395 1656 418 1683 1.
449 1651 707 1684 alienorum.
733 1659 801 1681 non
828 1649 984 1687 dubium,
1011 1649 1093 1690 quin
1116 1648 1246 1681 Cornif.
1268 1649 1330 1687 sic,
1354 1658 1421 1679 non
1444 1640 1614 1680 ‘aliorum’
1642 1649 1702 1680 de-

193 1712 294 1748 derit,
345 1711 389 1744 cI'.
418 1709 476 1746 43,
504 1710 532 1749 l,
558 1710 617 1742 ubi
639 1710 658 1741 ,ἰ
677 1701 762 1741 ‘alii'
790 1718 853 1751 pro
874 1701 1003 1739 ‘alieni'
1031 1707 1146 1742 habet.
1278 1713 1306 1741 3.
1338 1708 1580 1750 separatim
1608 1708 1642 1740 h.
1669 1720 1699 1743 e.

193 1774 261 1805 iam
296 1771 453 1804 refutatis
488 1771 642 1813 ipsorum
677 1767 955 1801 adversariorum
981 1767 1108 1801 causis.
1236 1772 1264 1798 8.
1301 1775 1448 1798 eorum
1473 1767 1602 1799 ratio:
1636 1777 1703 1799 non

194 1833 284 1865 enim
316 1829 464 1874 proferri
489 1832 632 1872 possent
657 1827 739 1859 talia
763 1816 982 1870 argumenta,
1010 1832 1043 1857 ut
1070 1827 1113 1868 §§
1137 1824 1239 1857 1—3.

291 1889 371 1928 130,
397 1895 426 1921 4.
455 1888 497 1921 de
523 1886 719 1928 eloquentia
742 1885 881 1918 Catonis
903 1884 1134 1917 conferendus
1160 1894 1323 1916 maxume
1349 1884 1418 1916 Cic.
1440 1882 1537 1914 Brut.
1559 1882 1604 1916 63
1625 1895 1702 1925 sqq.

195 1949 264 1984 ‘293
280 1959 355 1990 sqq.
385 1947 427 1980 de
451 1945 562 1977 Laelii
588 1944 763 1987 Scipionis
790 1943 918 1976 Galbae
946 1944 990 1975 ib.
1019 1943 1063 1975 82
1091 1954 1164 1984 sqq.
1205 1943 1247 1975 de
1274 1943 1437 1975 Pol-cinae
1463 1942 1521 1982 95,
1548 1942 1612 1982 963
1649 1944 1703 1975 Ti.

198 2007 344 2043 Gracchi
368 2005 497 2038 mentio
523 2003 559 2035 fit
584 2003 629 2035 ib.
661 2002 740 2041 104,
768 2001 837 2034 296
863 2012 902 2033 ae
928 2001 1016 2036 Plin.
1045 2002 1086 2036 H.
1114 2001 1155 2032 N.
1179 2001 1274 2039 XIII,
1305 2001 1346 2034 12
1374 2006 1488 2033 narrat
1515 2012 1553 2034 se
1578 2003 1689 2034 utrius

199 2078 263 2108 qne
288 2065 405 2098 fratris
431 2063 539 2096 libros
566 2067 647 2105 aput
669 2067 807 2105 poetam
832 2061 1062 2103 Pomponium
1090 2060 1288 2092 Secundum
1313 2060 1458 2092 vidisse.
1503 2060 1707 2103 plerumque

198 2125 293 2159 solus
321 2122 424 2156 Caius
448 2121 530 2153 boni
553 2122 700 2154 oratoris
731 2120 834 2152 laude
858 2124 1015 2157 ornatur,
1049 2118 1093 2152 cI'.
1122 2119 1180 2153 ΒΓ.
1208 2118 1288 2153 125.
1339 2118 1525 2151 Antonium
1548 2122 1580 2150 et
1607 2117 1707 2151 Cras-

198 2195 275 2217 sum
300 2183 382 2215 vide
405 2186 622 2224 comparatos
652 2179 716 2212 139
741 2190 817 2221 sqq.
900 2184 944 2209 10.
973 2177 1111 2221 igitur
1134 2188 1253 2210 nemo
1281 2178 1321 2209 in
1347 2178 1455 2210 hanc
1482 2177 1704 2210 incideret
1730 2180 1751 2213 8

199 2253 262 2286 op.
291 2246 328 2273 ut
351 2240 499 2284 probes,
534 2239 739 2282 particulam
771 2248 838 2270 non
872 2247 1067 2280 repugnare
1099 2236 1289 2268 sententiae
1323 2236 1407 2275 loci,
1448 2236 1540 2278 quod
1564 2236 1645 2272 ΕΓΗ,
1675 2243 1707 2269 et

198 2301 327 2334 Schiitz
356 2298 623 2335 contenderunt,
658 2297 838 2341 paululum
871 2295 1069 2328 immutabis
1103 2295 1210 2326 verba
1244 2305 1273 2326 e.
1301 2306 1334 2338 g.
1364 2295 1431 2327 sic:
1465 2295 1571 2337 igitur
1602 2295 1707 2328 debe-

199 2359 282 2391 bant
302 2358 344 2390 ab
360 2365 428 2388 uno
450 2356 612 2399 exempla
628 2366 782 2393 sumere,
809 2365 852 2386 ne
872 2354 948 2395 quis
971 2354 1005 2384 in
1022 2353 1112 2385 hanc
1132 2354 1331 2396 opinionem
1354 2354 1531 2386 incIderet.
1583 2348 1707 2386 ‘enim-

201 2409 292 2450 vero'
318 2421 351 2448 et
379 2407 499 2456 ‘atqui'
533 2415 576 2447 ab
601 2415 672 2448 illis
703 2414 883 2457 proposita
908 2422 1031 2444 revera
1055 2412 1123 2444 sint
1149 2417 1267 2445 contra
1290 2417 1439 2446 mentem
1465 2414 1658 2456 scriptoris.

201 2483 246 2510 16,
267 2466 443 2516 ‘denique'
471 2474 536 2506 etsi
562 2484 582 2506 a
607 2473 782 2506 nonnullis
808 2472 910 2505 codd.
944 2471 1096 2504 oblatum
1130 2477 1244 2504 tamen
1271 2481 1338 2504 nou
1372 2473 1611 2517 recipiendum
1644 2473 1709 2505 fuit

201 2545 220 2566 a
243 2532 425 2565 Schiitzioz
462 2531 550 2564 solet
576 2531 667 2563 enim
699 2531 787 2563 illud
811 2542 831 2564 a
857 2529 985 2563 Cornif.
1016 2531 1050 2562 in
1082 2530 1149 2563 fine
1174 2531 1331 2563 brevium
1357 2532 1587 2564 membrorum
1613 2534 1708 2575 poni,

201 2590 364 2625 deinde
398 2589 586 2622 identidem
623 2590 781 2622 adhiberi
816 2590 851 2621 in
886 2591 1143 2622 enumeratione
1177 2596 1458 2634 argumentorum
1483 2596 1540 2623 aut
1568 2600 1709 2634 praece-

201 2654 338 2694 ptorum
361 2658 403 2680 ne
427 2648 558 2680 ultumo
584 2649 723 2690 quidem
747 2654 910 2692 except0;
933 2648 978 2681 cf.
1006 2649 1049 2688 ΙΙ,
1078 2649 1134 2688 13,
1165 2649 1218 2687 14,
1248 2650 1302 2684 15.

299 2707 379 2747 131,
403 2712 573 2750 7.«potest
597 2713 783 2747 mercator,
811 2708 1056 2751 compendium
1089 2714 1125 2740 ut
1151 2708 1273 2747 faciat,
1310 2718 1460 2740 mercem
1487 2706 1626 2738 aliunde
1652 2715 1706 2737 ro-
1732 2712 1753 2744 9

202 2776 298 2810 gare,
325 2775 427 2807 quam
452 2765 562 2798 amico
588 2766 732 2806 vendat,
759 2768 842 2799 artis
873 2756 1019 2811 scriptor
1051 2778 1114 2800 sua
1147 2767 1270 2799 afferre
1301 2766 1417 2798 debet:
1458 2765 1550 2806 quod
1576 2765 1605 2796 si
1639 2774 1705 2795 non

204 2825 326 2864 faciat,
353 2825 534 2857 mercatori
561 2825 812 2868 comparandus
839 2827 919 2866 erit,
946 2827 1005 2868 qui
1024 2827 1168 2864 mercis,
1196 2835 1298 2865 quam
1319 2824 1484 2861 venditat,
1512 2823 1709 2864 exemplum

204 2893 270 2916 non
297 2893 341 2915 ex
367 2893 431 2914 sua
456 2882 645 2925 apotheca,
681 2889 732 2916 set
766 2884 808 2915 ab
839 2885 917 2917 aliis
950 2890 1056 2928 petat,
1117 2884 1215 2915 vides
1241 2887 1398 2914 accurate
1433 2881 1601 2923 distingui
1627 2891 1691 2912 ven

205 2942 341 2974 dentem
367 2952 387 2973 a
412 2941 630 2979 venditante,
656 2951 803 2973 mercem
830 2949 1028 2975 consuetam
1052 2943 1093 2974 ab
1120 2942 1246 2975 aliena.
1297 2945 1446 2972 ceterum
1466 2937 1708 2979 breviloquen-
