1923 3182
819 149 1030 187 NOTAE.
1604 140 1688 182 223

176 274 224 303 21.
252 267 357 300 verba
383 265 492 308 quod
519 265 693 296 nimium
726 274 821 306 app.
849 274 882 297 v.
911 261 1191 304 conpositum
1222 264 1285 292 est
1312 264 1381 292 aut
1408 258 1600 301 effugerunt
1628 258 1689 289 im-

178 327 299 359 merito
332 330 447 358 notam
480 324 614 356 alienae
649 322 811 365 originis,
847 332 912 352 non
940 321 1031 353 enim
1056 323 1214 362 poterant
1239 317 1324 350 haec
1351 318 1459 360 repeti
1486 322 1561 359 post
1589 326 1690 359 supe-

179 385 288 418 riora:
319 389 361 415 ut
388 393 464 415 non
491 383 704 425 adparata
729 391 784 414 or.
816 380 897 412 vid.
931 390 1044 412 esse.
1074 378 1257 417 licebitque
1284 376 1317 409 li.
1350 376 1371 407 l.
1397 377 1571 409 Ciceronis
1599 386 1691 408 com-

182 443 361 486 paratione
387 442 448 478 uti,
475 441 533 482 qui
559 440 704 472 eundem
731 445 992 481 praeceptorum
1017 437 1171 470 ordinem
1190 441 1328 468 sec-ntus
1347 435 1569 467 conmutabili
1585 429 1692 476 ‘qttod

180 502 222 534 ab
247 501 449 533 advorsario
473 505 584 542 potest
611 499 731 530 leviter
755 502 922 528 mutatum
949 507 991 527 ex
1019 496 1188 528 contraria
1210 500 1306 537 parte
1331 488 1408 526 tliei’
1429 495 1589 527 continno
1611 494 1691 525 sul)-

181 560 292 603 iungit
328 552 485 602 ‘longum
519 558 610 600 quod
644 556 801 599 pluribus
835 555 950 587 verbis
981 561 1037 586 aut
1070 554 1249 586 sententiis
1282 553 1369 585 ultra
1401 564 1503 595 quam
1530 554 1613 585 satis
1642 559 1693 584 est

180 612 404 662 producitni·’,

278 675 333 713 12,
360 681 389 710 2,
426 681 468 706 ut
493 674 674 716 proprie
699 672 931 705 cohaereat
966 682 1054 703 enm
1083 671 1344 703 narratione.
1373 671 1493 703 Seuer.
1523 670 1638 705 Contr,
1666 671 1690 708 1,

185 735 214 774 1,
245 741 332 769 extr.
360 732 426 776 (80
453 733 506 765 ed.
538 732 635 774 Bip.)
671 725 918 774 ‘Hermagoras
954 731 986 762 in
1014 729 1077 761 liae
1105 730 1338 762 controversia
1365 730 1497 761 transiit
1525 740 1543 760 a
1570 740 1693 771 prooe-

181 794 250 827 mio
277 795 310 826 iu
339 792 568 825 narrationem
593 789 786 833 eleganter,
823 790 1012 821 raris-sumo
1041 788 1179 830 quidem
1207 799 1352 831 genere,
1391 794 1426 820 ut
1454 789 1486 819 in
1511 788 1630 820 eadem
1659 800 1692 819 rt:

181 852 346 884 transitus
373 856 463 883 essct
493 850 661 881 sententia
687 854 777 881 esset
802 848 943 881 schema
971 855 1062 879 esset
1094 865 1140 869 —-
1174 857 1217 879 ex
1250 848 1355 879 altera
1389 853 1485 889 parte.
1512 848 1646 879 transiit
1675 858 1694 879 a

181 910 358 953 prooemio
385 910 419 941 in
445 907 674 940 narrationem
701 907 814 939 Gallio
842 912 872 938 et
900 907 974 948 ipsc
1002 916 1063 948 per
1089 899 1302 939 seutentiam'
1331 912 1396 939 etc.
1447 905 1536 937 atltle
1564 906 1632 939 Cic.
1652 906 1694 937 de

182 979 231 1001 or.
259 969 299 1008 ll,
325 968 405 1002 325.
442 968 555 1006 Quint.
585 967 642 1003 ΙΥ,
675 966 703 1000 1,
732 965 788 998 76.
843 965 1040 1007 exemplum
1069 966 1230 1008 praebeat
1264 964 1440 998 Demostli.
1471 965 1558 1003 Lw,
1589 966 1694 998 2—4

182 1046 228 1050 —
253 1033 299 1061 10.
343 1027 453 1069 quod
489 1024 750 1058 intercurrit
783 1043 828 1047 -—
861 1024 1169 1067 atlparationis
1203 1034 1344 1055 causa.
1398 1025 1464 1059 An.
1501 1024 1692 1067 seg-135,

182 1087 204 1119 ὕ
229 1097 303 1128 sqq.
331 1085 395 1118 lioc
422 1086 650 1117 intercurrens
676 1094 785 1126 genus·
804 1083 1008 1115 narrationis
1033 1083 1111 1114 litlei
1137 1089 1193 1114 aut
1218 1083 1467 1115 criminationis
1493 1093 1599 1116 causa
1624 1093 1694 1114 πα-

184 1139 413 1186 ραδιήγησιν
438 1143 610 1187 appellat.
639 1143 720 1184 quia
747 1135 960 1184 ἐφάπτεταί
981 1151 1097 1173 τινων
1123 1138 1210 1183 περὶ
1237 1135 1279 1173 τὸ
1308 1138 1482 1184 πρᾶγμα,
1518 1143 1699 1186 distinguit

182 1205 224 1236 ab
253 1214 293 1236 ea
318 1197 574 1246 παρέκβασιν,
602 1212 689 1243 quae
716 1194 884 1243 ἐκδρομή
909 1193 985 1232 ἐστι
1012 1194 1134 1242 λόγων
1163 1194 1252 1232 καθ’
1278 1193 1463 1243 ὁμοίωσιν
1488 1194 1514 1244 ἢ
1538 1201 1699 1244 μίμησιν

183 1260 260 1294 τῶν
286 1255 511 1305 γεγονότων.
565 1261 738 1304 digressio
773 1272 812 1293 ea
849 1268 897 1291 est
934 1261 1121 1292 set-undum
1149 1261 1348 1293 Ciceronem
1381 1261 1423 1293 de
1454 1271 1502 1295 or.
1533 1262 1588 1299 ill,
1617 1261 1698 1299 203,

185 1322 300 1361 Quint.
329 1321 388 1360 lV,
417 1322 450 1359 2,
481 1320 533 1352 17.
573 1319 754 1352 Cornificio
783 1325 833 1351 est
864 1319 1034 1352 transitio.
1137 1325 1177 1350 Η.
1224 1319 1417 1351 alieuius
1445 1320 1699 1362 adparatio-

185 1381 254 1413 nis
287 1390 430 1414 causa.
482 1388 671 1422 pronomen
699 1378 766 1408 iam
795 1388 856 1419 per
882 1390 918 1410 se
946 1378 1071 1409 indicat
1100 1378 1267 1409 ultumum
1294 1385 1323 1410 et
1349 1379 1546 1421 generalius
1575 1390 1697 1411 nomen

185 1440 286 1483 poni,
325 1438 368 1471 cf.
404 1438 545 1480 Madvig
576 1436 619 1468 ad
648 1436 716 1468 Cie.
745 1436 786 1467 tle
823 1437 893 1470 Fin,
930 1437 986 1470 lll.
1015 1436 1079 1471 1532
1121 1448 1207 1478 quae
1235 1439 1266 1469 in
1295 1438 1390 1469 libris
1417 1448 1481 1469 uon
1513 1438 1610 1470 bonis
1637 1439 1698 1470 atl-

184 1499 313 1542 scripta
339 1504 434 1536 sunt,
464 1490 532 1528 ‘vel
562 1488 779 1528 laudationis'
819 1504 875 1527 aut
912 1489 979 1527 ‘vel
1019 1495 1257 1529 tleleetationis
1297 1504 1352 1528 aut
1393 1491 1696 1539 amplilicationis’.

186 1556 267 1589 inde
299 1562 391 1599 patet
429 1555 641 1598 glossemata
679 1565 775 1588 esse:
820 1565 926 1595 eaque
966 1555 1086 1585 itt-rum
1121 1565 1162 1585 ex
1201 1556 1271 1589 lnr,
1302 1557 1343 1590 (Ι,
1372 1555 1435 1596 27)
1469 1555 1574 1587 inlata
1607 1563 1697 1588 sunt.

186 1621 230 1648 12.
267 1614 471 1647 exerceri
507 1613 731 1646 convenit.
781 1620 857 1643 snut
892 1613 982 1644 enini
1016 1599 1333 1656 prt›gxiii-tuisniata.
1436 1621 1475 1646 17.
1516 1615 1631 1647 sabula
1665 1622 1696 1647 et

185 1680 424 1719 argumentum
453 1672 578 1706 referre
607 1672 765 1704 videntur
794 1671 988 1704 Aristotelis
1013 1668 1144 1712 μῦθον
1172 1681 1203 1703 et
1230 1666 1343 1714 λόγον
1370 1675 1414 1705 ι·Ι”.
1435 1673 1476 1705 de
1497 1680 1587 1716 poet.
1614 1687 1645 1705 o.
1666 1675 1699 1706 5.

282 1731 337 1772 13,
364 1739 391 1764 7.
422 1731 530 1764 haee
556 1751 603 1756 —
625 1731 947 1773 transigentur.
978 1730 1010 1764 li.
1041 1744 1071 1764 e.
1101 1732 1314 1773 negotiorum
1337 1737 1367 1763 et
1391 1743 1617 1774 personarum
1644 1733 1702 1764 de-

186 1791 414 1834 scriptiones;
441 1790 673 1835 supplendum
695 1783 848 1833 egenera’
875 1797 1084 1831 quapropter
1110 1789 1297 1832 singularis·
1315 1783 1549 1834 ‘transigetur'
1579 1802 1621 1824 ex
1642 1802 1703 1834 op—

188 1849 290 1881 tumis
316 1849 412 1881 libris
439 1850 542 1893 recipi
570 1860 634 1882 non
662 1855 814 1893 poterat;
844 1849 945 1881 ctiam
967 1839 1079 1880 ‘illud'
1103 1848 1133 1879 ei
1155 1849 1333 1881 mutationi
1361 1850 1609 1893 refragabatur.
1673 1857 1699 1882 s.

187 1907 240 1939 ad
266 1908 505 1940 veritatem
530 1920 583 1936 r:
609 1909 653 1940 ad
677 1918 776 1941 veras
801 1916 942 1942 causati,
969 1906 1011 1938 cs.
1042 1907 1083 1943 ΙΙ,
1114 1907 1167 1945 12,
1198 1909 1253 1947 tv,
1281 1908 1337 1941 32.
1367 1927 1412 1930 —
1468 1915 1495 1940 9.
1525 1909 1566 1941 tle
1591 1909 1700 1941 tribus

190 1966 394 1999 narrationis
418 1966 604 1998 virtutibus
632 1966 676 1998 cf.
703 1968 865 1998 Anaxini.
885 1964 942 2002 00,
962 1965 995 2003 7,
1017 1976 1091 2005 sqq.
1121 1966 1262 1999 Aristot.
1293 1967 1391 2000 lutet.
1422 1967 1474 2005 ΙΙΙ,
1506 1967 1560 2000 16.
1590 1967 1697 2000 Theo.

190 2025 375 2068 Progymn.
407 2023 485 2057 183.
514 2024 583 2056 Cic.
614 2026 684 2056 lnv.
712 2026 736 2063 I,
758 2026 814 2058 ⁶28.
844 2024 901 2055 Or.
927 2022 1004 2054 122.
1035 2023 1148 2060 Quint.
1178 2024 1233 2063 lV,
1261 2026 1294 2063 2,
1323 2024 1380 2063 31,
1415 2026 1505 2057 unde
1532 2025 1616 2058 haee
1644 2036 1704 2057 ex-

189 2094 349 2127 cerpam:
370 2077 461 2115 ‘eam
478 2083 634 2126 plerique
655 2084 854 2126 scriptores,
882 2094 1042 2116 maxume
1063 2085 1212 2125 quisunt
1240 2084 1281 2115 ab
1301 2084 1462 2122 Isocrate,
1491 2084 1608 2115 volunt
1627 2096 1704 2116 esse

191 2142 340 2175 lucidam
368 2142 507 2175 brevem
534 2143 605 2174 veri
632 2142 781 2175 similem
815 2161 861 2165 —
896 2142 1016 2174 eadem
1043 2142 1142 2174 nobis
1175 2142 1287 2186 placet
1313 2142 1460 2175 divisio.
1497 2151 1703 2182 quamquam

190 2207 221 2234 et
248 2200 452 2234 Aristoteles
477 2200 518 2243 (l.
545 2199 595 2241 e.)
621 2201 662 2232 ab
690 2201 839 2234 Isocrate
864 2207 960 2244 parte
987 2201 1019 2232 in
1046 2211 1114 2232 una
1138 2201 1352 2239 dissenserit,
1380 2206 1601 2243 praeceptum
1630 2200 1704 2232 bre-

191 2260 305 2293 vitatis
339 2259 508 2297 irridens,
542 2264 713 2300 tamquam
743 2270 884 2291 neeesse
918 2260 962 2292 sit
998 2258 1136 2302 longam
1162 2266 1218 2291 aut
1245 2260 1385 2291 brevem
1412 2270 1488 2292 esse
1516 2260 1705 2303 expositio-

190 2328 268 2351 nem
294 2328 356 2350 nec
382 2318 482 2350 liceat
506 2317 555 2349 ire
579 2328 641 2361 per
667 2311 841 2350 medium'.
894 2318 963 2350 Cic.
991 2319 1076 2362 Top.
1105 2318 1149 2351 97
1178 2328 1243 2350 non
1279 2317 1411 2357 differt,
1446 2323 1498 2350 set
1530 2318 1618 2350 Part.
1645 2316 1703 2357 31,

191 2376 251 2408 ubi
273 2376 480 2408 Theodectis
507 2376 666 2419 exemplo
694 2377 795 2409 etiam
822 2377 1025 2409 suavitatem
1051 2376 1213 2410 adsumit.
1301 2383 1342 2409 11.
1369 2377 1411 2409 de
1438 2377 1604 2409 brevitate
1629 2388 1704 2408 nar-

193 2435 334 2467 rationis
376 2433 422 2468 ef.
452 2433 522 2466 Cic.
551 2434 622 2469 Inv,
652 2436 677 2474 l,
705 2435 768 2473 28;
808 2436 922 2473 Quint,
952 2436 1010 2474 IV,
1037 2437 1070 2473 2,
1098 2437 1154 2470 40.
1189 2455 1236 2459 —
1293 2442 1337 2470 13.
1372 2436 1407 2468 si
1442 2445 1523 2468 uon
1557 2436 1606 2467 ab
1641 2437 1706 2468 ul-

193 2497 324 2524 turno.
358 2492 441 2523 vide
468 2493 534 2523 An.
561 2491 642 2535 Seg.
670 2492 751 2533 436,
783 2493 844 2526 18:
873 2488 1065 2536 σύντομον
1092 2488 1266 2537 ποιήσεις
1298 2488 1369 2536 τὴν
1401 2489 1605 2536 διήγησιν,
1639 2487 1706 2526 ἐὰν

192 2544 285 2592 μήτε
303 2544 511 2593 πόρρωθεν
529 2542 647 2594 ἄρχῃ,
674 2545 854 2594 καθάπερ
875 2544 914 2583 ἐν
932 2553 1014 2589 τοῖς
1037 2552 1194 2590 πολλοῖς
1213 2552 1299 2596 (scr.
1328 2546 1552 2595 προλόγοις)
1572 2550 1707 2592 πεπαί-

192 2617 285 2650 ηκεν
303 2602 534 2651 Εὐριπίδης,
565 2603 658 2652 μήτε
685 2604 812 2653 μακρὰ
836 2606 956 2654 λέγῃς,
987 2606 1039 2648 ὡς
1064 2606 1102 2642 οἱ
1130 2605 1224 2654 μετὰ
1250 2605 1293 2643 τὸ
1326 2609 1482 2654 πρᾶγμα
1516 2608 1582 2643 καὶ
1612 2604 1707 2643 ἄλλα

196 2659 456 2708 διηγούμενοι.
554 2675 599 2702 16.
633 2676 673 2702 et
709 2671 748 2703 si
781 2679 864 2702 non
897 2670 1224 2704 ‹leem-abimus.
1259 2671 1420 2703 Anaxim.
1451 2669 1509 2711 60,
1545 2670 1587 2702 19
1619 2670 1708 2701 hane

195 2725 486 2769 praeceptionem,
528 2728 621 2768 quod
647 2729 763 2772 aptius
793 2735 862 2770 est,
890 2730 935 2762 ad
956 2729 1235 2773 perspicuitatem
1266 2728 1389 2767 refert3
1429 2727 1585 2760 Cornific.
1617 2726 1706 2758 infra

195 2783 272 2825 (14,
298 2782 340 2826 3)
365 2793 439 2816 eam
472 2791 628 2828 repetere
660 2788 805 2830 cogitur.
858 2787 947 2819 adde
973 2787 1149 2819 Theonem
1175 2786 1254 2820 185.
1282 2805 1329 2810 —
1385 2793 1429 2820 17.
1468 2792 1506 2818 et
1539 2787 1573 2817 si
1608 2785 1704 2817 exi-

194 2847 265 2874 tus
290 2858 336 2865 —
359 2842 673 2886 intellegatur.
725 2845 820 2878 Theo
845 2844 928 2878 190:
958 2840 1011 2876 ἔτι
1031 2839 1072 2875 δὲ
1090 2841 1155 2876 καὶ
1173 2839 1219 2876 τὰ
1238 2838 1585 2885 συνυπακουόμενα
1612 2836 1708 2874 πάν-

195 2909 268 2937 τως
295 2896 633 2943 συμπεριαιρετέον
660 2903 727 2945 (sc.
754 2901 938 2945 περιαιρ.)
963 2900 1016 2947 τῷ
1036 2896 1233 2943 συντόμως
1259 2896 1506 2942 ἀπαγγέλλειν
1529 2896 1709 2945 βουλομέ-

1725 1615 1766 1647 13

1732 1904 1771 1935 1-1
