1923 3182
810 141 1018 179 NOTAE.
1585 131 1670 175 295

161 266 230 293 tem
256 259 428 293 laudatur.
480 257 545 290 hoc-
571 266 637 288 non
662 256 837 293 viderunt,
864 257 922 296 qni
943 246 1175 286 ‘lucidius'
1208 253 1404 285 intulerunt.
1458 257 1503 285 14.
1531 255 1666 283 trans-

162 321 257 354 itio.
299 327 342 350 ex
365 321 462 360 parte
488 321 650 348 tractatur
675 325 695 346 a
719 314 787 346 Cic.
817 314 874 349 Or.
908 313 986 348 137.
1015 307 1222 355 μετάβασιν
1249 310 1399 353 appellat
1428 310 1534 344 Rutil.
1561 310 1604 346 ΙΙ,
1634 308 1664 341 1.

163 397 210 403 -
257 383 304 410 21.
333 376 548 409 correctio
575 386 594 407 a
621 373 761 407 Graecis
785 365 1065 414 ἐπιδιόρθωσις
1092 369 1152 409 (cf.
1180 369 1296 402 Tiber.
1326 369 1423 410 VIII,
1450 367 1556 408 535),
1585 359 1663 398 ἔπι·
1689 361 1735 395 36

163 436 317 480 τίμησις
349 441 381 468 et
413 426 611 475 ὑπαλλαγή
651 432 769 472 (Alex.
803 430 911 471 486),
949 422 1221 469 ἐπανόρθωσις
1256 426 1335 467 (Iul.
1372 426 1484 461 Rufin.
1518 427 1566 468 ΙΙ,
1597 424 1670 467 17),

106 506 109 508 ·
164 489 348 541 μετάνοια
376 493 495 537 (Rutil.
529 494 561 533 1,
592 489 652 533 15)
685 489 900 524 nominatum
928 487 1015 519 hanc
1051 486 1216 519 ultumam
1242 484 1511 528 appellationem
1539 489 1673 526 spectat

166 557 280 596 Quint.
311 554 377 592 IX,
404 554 446 590 2,
472 551 535 584 60:
572 543 639 581 ‘est
662 547 760 589 quasi
792 546 1004 589 paenitentia
1035 545 1135 579 dicti,
1170 549 1205 574 ut
1231 553 1293 585 pro
1324 542 1457 576 Caelio:
1490 536 1562 575 ‘set
1589 542 1671 584 quid

166 625 230 659 ego
269 616 317 647 ita
352 621 493 656 gravem
531 616 711 652 personam
751 599 937 637 introduxi’
976 602 1058 644 (35)
1098 603 1188 634 idem
1223 603 1463 645 cognationem
1490 601 1672 634 correctio-

166 667 219 707 nis
245 684 323 706 cum
349 669 562 704 dubitatione
589 665 653 703 IX,
680 663 720 703 3,
747 661 792 696 88
822 662 971 696 indicat:
999 662 1198 694 Ciceronem
1225 661 1304 692 vide
1338 660 1393 692 Or.
1432 659 1518 702 135,
1550 659 1592 691 de
1620 668 1669 693 or.

167 734 226 773 111,
251 730 334 767 203.
387 729 453 762 loci
479 737 500 759 a
526 724 718 758 rhetoribus
745 721 951 762 frequentati
978 726 1056 752 sunt
1082 719 1180 752 Dem.
1208 718 1346 758 XVIII,
1378 717 1463 758 130,
1492 717 1572 756 297,
1599 718 1674 758 qui-

167 793 232 824 bus
257 789 423 823 accedant
449 796 492 819 ex
519 785 589 818 Cic.
616 794 652 826 p.
683 780 775 814 Cael.
803 778 868 818 69,
895 778 983 813 Phil.
1013 779 1077 819 111,
1103 777 1136 813 3.
1167 777 1374 810 contrarium
1397 776 1547 818 quodam
1572 775 1674 807 modo

168 848 389 883 correctionis
424 850 492 883 est,
531 851 634 884 quom
668 839 780 883 magis
814 838 977 870 idoneum
1004 837 1192 875 antecedit,
1227 836 1336 868 levius
1364 833 1535 872 succedit,
1568 838 1603 865 ut
1632 844 1669 877 p,

169 908 262 942 Cael.
289 906 334 941 32
356 899 465 947 ‘quod
491 901 631 943 quidem
657 899 806 932 facerem
833 895 1090 933 vehementius,
1124 896 1190 927 nisi
1218 894 1468 926 intercederent
1500 892 1585 924 mihi
1612 892 1677 923 ini-

170 966 321 999 micitiae
343 974 419 997 cum
442 961 540 994 istius
570 958 725 991 mulieris
752 957 844 988 viro:
883 954 1024 987 fratrem
1044 953 1138 986 volui
1166 954 1299 991 dicere3
1328 961 1466 995 semper
1489 950 1543 982 hic
1574 942 1674 984 erro'.

266 1025 346 1063 164,
372 1028 401 1057 8.
429 1030 532 1063 quom
564 1024 663 1062 post
694 1014 907 1060 praepositi0
939 1023 1016 1045 esse
1051 1012 1244 1051 videretur,
1281 1010 1499 1042 accusativus
1531 1019 1678 1042 corre-

171 1085 357 1117 ctionem
394 1079 612 1113 necessarius
646 1075 779 1109 scilicet
818 1073 859 1105 ab
896 1073 938 1104 iis
971 1071 1182 1110 habebatur,
1216 1070 1274 1112 qui
1310 1068 1572 1112 grammaticam
1605 1067 1678 1098 sine

171 1152 274 1176 sensu
297 1142 514 1176 exercereut3
543 1136 626 1179 quid
658 1134 749 1167 enim
785 1132 935 1175 ineptius
961 1130 1030 1162 dici
1063 1134 1191 1173 potest,
1235 1137 1334 1169 quam
1364 1127 1679 1169 pronuntIationem

171 1205 250 1246 post
282 1198 546 1236 correctionem,
581 1205 664 1238 ergo
696 1202 762 1224 non
794 1191 871 1233 ipsa
901 1189 1133 1227 correctione,
1175 1187 1249 1219 ficri
1286 1185 1470 1218 idoneam?
1521 1191 1555 1216 at
1581 1188 1680 1227 post

172 1258 375 1293 adverbium
398 1254 455 1289 hic
480 1259 549 1297 est,
577 1254 608 1286 ei
635 1250 847 1295 respondere
869 1254 1002 1292 oportet
1028 1254 1175 1290 antea,
1204 1246 1304 1289 volgo
1323 1249 1521 1286 corruptum
1540 1247 1571 1274 et
1589 1242 1679 1274 male

172 1321 336 1352 iunctum.
438 1319 482 1349 11.
511 1318 578 1346 est
603 1310 788 1354 legendum
816 1319 911 1349 esse,
939 1307 1031 1350 quod
1058 1317 1146 1338 nunc
1171 1305 1343 1338 invenitur
1370 1304 1403 1335 in
1426 1302 1501 1334 cod.
1530 1312 1568 1341 e,
1593 1301 1680 1333 vidit

172 1378 321 1412 Ernesti.
374 1376 417 1408 de
447 1372 618 1406 locutione
644 1374 729 1412 est,
760 1378 883 1409 quom
917 1377 997 1398 non
1031 1371 1095 1397 cst
1125 1364 1169 1399 cf.
1199 1365 1262 1402 55,
1298 1363 1352 1397 14,
1381 1380 1428 1384 —
1479 1366 1523 1394 13.
1554 1359 1680 1392 adfe-

172 1437 313 1471 ctatiu
325 1446 352 1468 s.
404 1432 497 1465 idem
520 1427 727 1462 vocabulum
752 1432 853 1468 atque
879 1435 986 1468 supra
1014 1424 1099 1462 157,
1131 1423 1192 1470 10,
1219 1423 1279 1454 nbi
1303 1422 1384 1454 vide
1409 1426 1542 1459 notam,
1579 1419 1681 1451 resti-

172 1496 337 1530 tuendum
362 1492 428 1525 fuit
454 1500 497 1523 ex
523 1487 621 1520 varia
647 1486 908 1529 depravatione.
1012 1488 1057 1515 17.
1093 1481 1331 1514 occultatio
1366 1480 1410 1513 cf.
1446 1478 1559 1511 Praef.
1589 1479 1614 1512 I.
1645 1482 1676 1510 ct
1702 1473 1746 1507 37

173 1554 348 1599 Spalding
373 1551 417 1584 ad
443 1549 557 1588 Quint.
586 1545 651 1587 IX,
679 1544 717 1585 3,
741 1543 798 1577 98.
828 1544 937 1586 figura
962 1543 1111 1575 breviter
1138 1541 1344 1573 describitur
1367 1552 1386 1572 a
1413 1539 1482 1572 Cic.
1512 1537 1569 1570 Or.
1598 1536 1678 1574 137,

174 1615 216 1648 ab
244 1611 461 1646 Anaximene
484 1605 694 1643 accuratius,
722 1604 780 1642 47,
801 1602 822 1635 3
848 1597 1024 1643 εἰρωνεία
1050 1594 1093 1631 δέ
1118 1592 1193 1630 ἐστι
1221 1593 1340 1640 λέγειν
1366 1608 1400 1629 τι
1422 1592 1473 1640 μὴ
1496 1604 1682 1638 προσποι-

175 1667 340 1714 ούμενον
366 1662 486 1709 λέγειν
513 1683 559 1688 -
583 1657 626 1695 τὸ
653 1655 693 1694 ἐν
721 1655 976 1703 προσποιήσει
1007 1656 1273 1698 παραλήψεως
1300 1651 1457 1698 λέγοντα
1484 1648 1682 1696 συντόμως

174 1721 478 1773 ἀναμιμνήσκειν
510 1715 691 1755 τοιοῦτόν
728 1730 776 1751 τι.
843 1723 983 1750 vocatur
1016 1710 1248 1757 παράλειψις
1283 1716 1324 1747 ab
1356 1715 1516 1747 omnibus
1541 1712 1683 1745 techno-

175 1788 318 1834 graphis
354 1783 517 1822 Graecis,
550 1787 587 1813 nt
627 1781 730 1814 Alex.
764 1778 862 1817 VIII,
895 1775 975 1809 430.
1028 1775 1304 1807 Phoebammone
1339 1774 1425 1811 507,
1462 1772 1577 1804 Tiber.
1604 1769 1684 1809 532,

175 1850 327 1881 Demetr.
354 1844 416 1883 IX,
444 1840 522 1880 109,
550 1840 714 1881 Hermog.
742 1845 783 1868 π.
806 1828 886 1877 εὕρ.
915 1833 972 1870 89,
1000 1843 1040 1867 π.
1068 1829 1120 1868 ἰδ,
1153 1833 1234 1871 335,
1263 1833 1321 1874 qui
1349 1832 1466 1864 laudat
1494 1831 1592 1864 Dem.
1623 1829 1684 1867 IX,

177 1907 234 1946 26,
261 1903 390 1942 XVIII,
415 1900 504 1934 268:
530 1898 620 1931 adde
647 1898 752 1929 Isocr.
780 1894 839 1933 IX,
863 1894 921 1933 21,
949 1893 1046 1925 Dem.
1076 1892 1100 1931 I,
1128 1891 1185 1930 33,
1214 1891 1257 1928 ΙΙ,
1280 1890 1314 1930 3,
1340 1891 1434 1932 XXI,
1466 1891 1526 1930 15,
1553 1888 1685 1927 XXIII,

180 1965 259 2000 148.
312 1962 383 1996 Cic.
412 1971 448 2004 p.
475 1957 566 1990 Tull.
595 1956 650 1988 52.
675 1965 712 1996 p.
742 1952 875 1986 Cluent.
903 1951 961 1983 99.
990 1951 1089 1983 Verr.
1119 1949 1162 1988 ΙΙ,
1189 1950 1222 1987 5,
1248 1949 1304 1981 20.

273 2022 352 2060 165,
377 2025 405 2052 4.
440 2016 773 2056 infrequentem
807 2009 1091 2042 tradiderunt
1127 2007 1257 2038 tribuni
1290 2007 1439 2038 militum
1473 2007 1688 2049 imperatori.

180 2088 225 2117 12.
259 2086 305 2114 ut
338 2077 495 2111 utilius
533 2074 591 2107 sit
625 2070 799 2105 occulte
832 2068 999 2100 fecisse
1031 2066 1338 2108 suspitionem.
1400 2065 1514 2103 Quint.
1551 2063 1618 2102 IX,
1653 2064 1687 2102 2,

179 2143 224 2176 75
247 2141 340 2173 idem
369 2137 483 2170 docet:
513 2126 700 2175 ‘quaedam
726 2129 850 2167 etiam,
886 2136 974 2168 quae
997 2124 1145 2168 probare
1168 2134 1236 2156 non
1262 2124 1400 2167 possis,
1430 2122 1541 2165 figura
1572 2121 1688 2164 potius

180 2197 379 2245 spargenda
403 2198 498 2231 sunt3
523 2191 643 2223 haeret
668 2188 759 2221 enim
786 2196 853 2218 non
879 2194 1065 2226 numquam
1090 2183 1196 2215 telum
1227 2182 1315 2215 illud
1340 2181 1530 2219 occultum,
1568 2183 1600 2211 et
1623 2178 1689 2210 hoc

179 2261 279 2302 ipso,
303 2254 396 2297 quod
420 2261 488 2285 non
513 2254 676 2293 apparet,
709 2246 815 2279 eximi
841 2254 909 2277 non
933 2247 1064 2287 potest:
1104 2242 1134 2273 si
1165 2241 1257 2274 Idem
1283 2241 1378 2273 dicas
1405 2240 1541 2283 palam,
1571 2243 1602 2270 et
1630 2237 1690 2270 de-

181 2317 333 2351 fenditur
359 2319 392 2346 et
415 2308 633 2356 probandum
659 2298 719 2339 est'
747 2304 852 2337 etiam
875 2302 1006 2335 Seneca
1032 2300 1145 2333 Contr.
1174 2301 1206 2339 Ι,
1238 2300 1278 2339 5,
1307 2304 1394 2333 extr.
1422 2291 1539 2328 <Latro
1574 2295 1689 2328 aiebat

181 2386 249 2409 non
280 2370 451 2415 quidquid
478 2368 597 2412 spargi
622 2365 734 2409 possit
763 2362 970 2406 suspitiose,
1010 2360 1053 2392 de
1078 2369 1117 2392 eo
1151 2359 1253 2391 etiam
1286 2357 1489 2390 dicendum:
1537 2355 1689 2388 colorem

178 2435 272 2468 hunc
309 2441 404 2469 esse,
452 2437 520 2459 non
560 2424 812 2467 quaestionem:
875 2430 950 2453 eam
993 2418 1230 2460 quaestionem
1267 2426 1363 2455 esse,
1416 2424 1504 2456 quae
1550 2413 1690 2457 impleri

182 2489 395 2535 argumentis
426 2477 561 2529 possit'.
621 2483 711 2515 adde
743 2481 858 2514 Contr.
894 2480 943 2518 II,
977 2477 1021 2510 13
1054 2476 1107 2519 (p.
1149 2474 1245 2517 179.)
1281 2475 1355 2507 eius
1388 2473 1484 2506 modi
1515 2472 1589 2505 fere
1625 2477 1688 2511 est,

184 2548 278 2592 quod
303 2545 373 2580 Cic.
401 2544 506 2576 habet
542 2543 585 2575 de
612 2551 711 2584 prov.
745 2549 840 2572 conS.
877 2537 910 2572 6.
943 2532 1022 2569 ‘nec
1053 2536 1140 2568 haec
1169 2533 1298 2566 idcirco
1330 2533 1467 2572 omitto,
1504 2531 1597 2574 quod
1622 2540 1689 2562 non

183 2607 403 2652 gravissuma
429 2603 509 2642 sint,
535 2607 586 2634 set
611 2600 692 2642 quia
717 2607 807 2631 nunc
832 2597 906 2628 sine
930 2600 1019 2628 teste
1045 2595 1147 2629 dico’.
1260 2598 1304 2626 15.
1336 2592 1605 2624 disiunctum
1631 2590 1686 2632 ap'.

185 2664 301 2707 Aquil.
336 2663 436 2696 Rom.
470 2661 519 2700 II,
554 2660 600 2693 20
633 2650 896 2700 διεζευγμένον
928 2666 985 2698 ap.
1024 2654 1094 2687 Cic,
1130 2652 1172 2684 de
1199 2661 1248 2683 or.
1276 2651 1342 2690 ΙΙΙ,
1375 2650 1443 2684 207
1477 2648 1690 2692 significatur

186 2723 301 2758 verbis
328 2714 437 2763 ‘quod
470 2719 513 2752 de
543 2717 691 2761 singulis
722 2716 825 2748 rebus
860 2714 1048 2758 propositis
1091 2712 1230 2744 ductum
1261 2709 1407 2742 refertur
1448 2708 1492 2739 ad
1529 2697 1687 2748 singula'.

189 2780 348 2824 exemplo
377 2780 422 2811 sit
446 2779 483 2810 in
509 2777 582 2811 Pis.
609 2775 656 2809 96
675 2768 825 2807 ‘Achaia
851 2773 1038 2812 exhausta,
1065 2769 1249 2803 Thessalia
1274 2761 1404 2800 vexata’
1436 2772 1499 2798 etc.

283 2837 369 2877 166,
393 2843 422 2871 6.
471 2833 721 2867 coniunctio
747 2833 833 2865 haec
864 2842 932 2865 non
962 2830 1115 2873 tangitur
1146 2839 1166 2859 a
1197 2827 1374 2869 plerisque
1406 2820 1687 2865 technographis.
1715 2817 1760 2850 38

188 2905 222 2933 at
247 2895 504 2934 coniunctione,
540 2892 652 2934 qualis
686 2901 706 2923 a
731 2890 940 2929 Quintiliano
968 2889 1035 2928 IX,
1069 2887 1109 2927 3,
1143 2886 1187 2919 62
1221 2883 1442 2920 describitur,
1486 2886 1518 2913 et
1547 2880 1624 2923 ipsa
1657 2882 1690 2910 et
