1923 3182
782 200 991 238 NOTAE.
1560 198 1645 240 275

141 321 207 352 (flue
238 312 325 343 ratio
357 311 656 353 adcommodetur‚
696 313 731 344 id
765 322 850 352 non,
891 314 955 345 etsi
986 323 1048 355 per
1079 315 1266 346 sententiae
1297 315 1482 347 dictionem
1516 315 1642 356 agitur,

141 369 404 402 deliberativum
431 376 498 411 est,
526 376 577 403 set
604 371 684 412 qnia
710 371 752 403 de
778 371 917 404 homine
944 372 1122 412 statuitur,
1156 373 1318 405 iudiciale
1345 379 1394 405 est
1420 365 1639 407 habendum'.

139 426 196 460 hic
221 421 389 470 ‘quoque'
422 428 607 462 delendum
637 429 774 462 videtur
805 436 835 462 et
871 440 913 462 ex
948 430 1023 466 cod,
1063 430 1128 466 erf.
1166 432 1402 474 recipiendum
1431 424 1643 463 ‘adcommo-

138 480 259 521 datur’.

234 545 291 586 97,
310 552 339 580 4.
370 546 440 580 Cic.
469 547 511 579 de
537 557 586 580 or.
614 547 656 588 ΙΙ,
675 546 742 580 307
770 546 915 579 candem
940 546 1071 589 profert
1097 546 1317 582 divisionem.
1362 548 1512 590 priorem
1539 549 1641 579 ratio-
1670 543 1712 576 lli

140 613 217 635 nem
248 603 466 648 Apollodorii
506 605 617 638 solam
656 605 823 648 putabant
860 605 1072 646 sequendam
1112 614 1207 646 esse,
1246 611 1337 638 recte
1378 605 1644 647 obloquentibus

140 661 338 696 Alexandro
362 663 463 698 Num.
494 670 527 696 et
557 663 684 696 Neocle
716 663 761 698 cf.
794 665 861 696 An.
891 663 973 707 Seg.
1000 665 1082 705 442,
1110 663 1164 698 lo.
1191 682 1237 688 —-
1280 670 1323 697 10.
1351 664 1454 698 huius
1481 664 1546 697 loci
1579 675 1644 696 non

139 730 216 753 esse
253 722 610 755 commemorationem
651 723 988 765 argumentationum
1019 729 1152 755 attento
1190 724 1307 756 lectori
1346 723 1448 756 facile
1488 723 1642 765 liquebit.

139 789 248 821 aeque
273 781 382 813 otiosa
408 786 459 814 est
485 791 524 813 ac
550 791 637 823 quae
663 781 798 813 adiecta
830 787 908 813 sunt
941 783 990 822 ΙΙ,
1025 782 1069 814 47
1104 782 1146 814 de
1178 782 1472 815 conclusionibus.
1530 788 1643 815 tamen

140 848 207 871 non
233 839 348 871 omnia
379 849 399 871 a
431 838 593 872 Schiitzio
619 840 746 872 reiecta
773 845 867 871 sunt:
899 840 1049 872 servavit
1085 841 1203 882 priora
1231 833 1327 872 ‘item
1358 858 1404 863 —
1437 833 1640 880 docuimus'‚

139 896 278 928 sustulit
301 907 342 930 ne
370 898 498 930 tantulo
525 898 665 939 quidem
691 897 813 929 viliora
837 891 886 930 ‘id
915 904 965 930 est
991 917 1038 922 -—
1063 891 1240 941 profccta'.
1341 905 1384 931 16.
1412 898 1525 936 Quint.
1555 898 1641 930 bane
1674 896 1710 928 l‘a

143 953 339 988 liberiorem
360 957 525 990 orationis
542 956 851 989 conformationem
870 967 932 1000 per
956 956 1095 999 singula
1116 956 1281 989 describit
1307 957 1382 997 vlt,
1414 957 1469 997 lo,
1498 956 1554 992 ll.
1596 957 1643 989 le-

140 1014 274 1056 gendus
301 1016 402 1047 etiam
428 1015 588 1059 Hermog.
617 1024 658 1047 π.
685 1008 764 1057 εὕρ.
797 1014 864 1049 109
892 1026 957 1057 sq..
981 1016 1040 1048 ubi
1067 1016 1138 1058 agit
1165 1015 1207 1048 de
1233 1015 1476 1051 Demosthenis
1500 1016 1644 1049 artificio

142 1073 175 1103 in
203 1075 426 1107 conversione
450 1075 601 1117 partium
627 1075 792 1108 orationis
817 1075 951 1118 posito,
981 1081 1012 1107 et
1040 1084 1079 1107 π.
1109 1070 1161 1108 ld.
1189 1075 1254 1108 211
1280 1086 1332 1117 sq.
1361 1094 1408 1100 -—
1434 1081 1477 1108 18.
1507 1075 1644 1117 quando

141 1131 351 1175 principium
382 1133 606 1166 omittendum
639 1135 701 1174 sit,
737 1134 836 1166 docet
869 1136 934 1165 An.
969 1133 1052 1177 Seg.
1087 1133 1157 1167 430
1182 1144 1235 1175 sq.
1265 1155 1311 1160 —
1368 1139 1411 1167 19.
1444 1134 1644 1177 exemplum

142 1191 325 1232 orationis,
356 1192 390 1224 in
416 1202 483 1234 qua
517 1203 536 1224 a
560 1192 736 1225 literarum
763 1193 960 1225 recitatione
987 1193 1122 1224 initium
1149 1192 1201 1233 fit,
1236 1200 1286 1225 est
1319 1204 1374 1236 ap.
1404 1195 1551 1226 Isaeum.
1581 1193 1643 1233 Xl,

145 1248 177 1283 1.
207 1268 256 1274 —
301 1254 346 1283 2⁰.
375 1251 611 1284 secundum
636 1271 683 1275 —
708 1253 978 1285 narratione.
1031 1252 1075 1284 cf.
1102 1252 1201 1284 Rhet.
1229 1252 1285 1287 Gr.
1309 1251 1486 1294 V11‚730,
1512 1251 1642 1295 Speng.

140 1307 183 1339 ad
210 1309 371 1341 Anaxim.
400 1309 480 1344 220.

234 1366 292 1408 98,
317 1373 346 1401 2.
373 1368 488 1408 Quint.
515 1369 607 1402 idem
632 1375 746 1401 monet
772 1369 831 1409 IV,
860 1369 890 1409 l,
918 1369 974 1403 70.
1001 1386 1046 1392 —
1097 1375 1125 1404 3.
1156 1379 1250 1401 nam
1284 1387 1331 1392 —
1356 1369 1489 1402 firma
1516 1379 1644 1412 argu-

141 1427 413 1460 mentatione
438 1426 533 1471 (12).
585 1427 670 1460 haec
697 1428 811 1460 omnia
837 1427 1125 1471 complectamur,
1165 1429 1289 1469 quibus
1317 1428 1405 1460 duae
1431 1429 1645 1471 potissumae

146 1491 330 1526 ponuntur,
358 1497 418 1519 cur
443 1486 649 1520 artificiosus
668 1486 751 1519 ordo
770 1492 937 1526 mutetur,
964 1495 1106 1518 causae:
1140 1487 1169 1518 si
1196 1486 1329 1529 fatigati
1353 1492 1429 1518 sunt
1455 1488 1560 1519 animi
1586 1497 1645 1519 au-

143 1543 310 1585 ditorum,
338 1551 453 1578 orator
477 1546 603 1578 omittit
629 1546 864 1588 prooemium3
889 1546 918 1577 si
936 1546 1084 1577 narratio
1107 1556 1228 1588 parum
1250 1546 1442 1588 probabilis
1470 1552 1520 1578 est
1545 1552 1646 1587 atque

141 1603 192 1635 sic
230 1614 392 1646 magnam
431 1604 669 1637 difficultatem
701 1614 805 1636 causa
838 1603 966 1636 habere
1004 1604 1157 1644 videtur,
1198 1604 1321 1636 omittit
1354 1605 1582 1638 narrationem
1613 1612 1644 1637 et

145 1662 322 1694 exorditur
348 1663 389 1695 ab
414 1663 532 1705 aliqua
556 1663 654 1695 firma
680 1664 987 1706 argumentatione.
1045 1663 1150 1695 verba
1177 1656 1309 1704 ‘aliqua
1341 1663 1439 1695 firma
1466 1674 1647 1707 argumen-

148 1714 286 1754 tatione'
314 1720 370 1765 (6)
397 1721 451 1754 bis
476 1722 607 1765 scripta
631 1722 738 1754 altero
762 1728 893 1754 tantum
920 1722 994 1755 loco
1020 1728 1101 1764 apta
1129 1728 1225 1758 sunt,
1253 1732 1304 1754 vs.
1324 1722 1384 1761 12:
1411 1723 1477 1755 ista
1502 1733 1583 1756 vero
1602 1716 1648 1755 ‘si

144 1789 249 1811 cansa
272 1798 320 1802 —
345 1773 564 1813 revertemur'
599 1786 631 1813 et
656 1791 760 1813 sensu
793 1785 927 1821 carent,
961 1790 1064 1813 cansa
1095 1782 1206 1821 enim,
1245 1791 1331 1822 quae
1362 1791 1524 1824 magnam
1555 1781 1646 1813 diffi-

144 1837 304 1870 cultatem
329 1838 444 1878 habet,
470 1839 700 1882 probabiliter
724 1839 856 1871 narrari
881 1839 1018 1880 nequit,
1044 1844 1076 1870 et
1100 1839 1243 1872 moleste
1267 1840 1389 1872 iterant
1407 1841 1587 1883 superiora
1605 1841 1646 1872 de

143 1895 240 1927 initio
267 1906 287 1928 a
310 1898 504 1930 narratione
530 1897 707 1937 faciendo,
734 1898 825 1930 unde
851 1897 895 1930 ad
920 1898 1132 1940 principium
1156 1898 1274 1930 redeat
1299 1899 1419 1931 oratio.
1518 1905 1546 1931 6.
1575 1910 1647 1932 ex-

144 1954 282 1986 ordiri
308 1965 479 1987 causam
505 1957 773 1988 narratione.
809 1956 875 1988 hoc
898 1956 934 1987 fit
961 1956 1004 1988 ab
1031 1957 1128 1988 Isaeo
1150 1957 1186 1988 in
1214 1966 1263 1989 or.
1285 1958 1333 1989 III
1362 1963 1393 1990 et
1419 1957 1480 1997 IX,
1507 1958 1543 1989 in
1571 1959 1647 1999 qui-

143 2012 207 2044 bus
243 2013 285 2045 ab
310 2014 505 2045 narratione
527 2014 620 2056 capit
645 2014 790 2045 initium.
896 2020 922 2044 7.
960 2014 1002 2046 de
1027 2014 1140 2046 reditu
1164 2015 1209 2046 ad
1240 2016 1410 2057 prooemii
1440 2017 1644 2048 sententiam

146 2071 218 2114 agit.
243 2071 308 2103 An.
341 2070 422 2114 Seg.
450 2073 534 2111 442,
570 2072 623 2110 15,
658 2072 717 2103 ubi
746 2072 811 2110 ait,
850 2071 892 2103 ab
929 2071 1129 2104 Alexandro
1162 2071 1262 2104 Num.
1301 2079 1332 2105 et
1369 2073 1495 2106 Neocle
1526 2066 1647 2105 ἐνίοτε

144 2125 210 2161 καὶ
247 2123 322 2171 πρὸ
356 2127 425 2161 τοῦ
458 2128 667 2172 προοιμίου
706 2130 818 2162 locum
850 2131 1038 2162 narrationi
1073 2131 1197 2170 tribui,
1232 2123 1379 2163 ὁπόταν
1411 2125 1430 2164 ὁ
1464 2127 1647 2174 δικαστὴς

144 2183 479 2231 προηρεθισμένος
503 2179 540 2232 ᾗ.
592 2189 637 2221 ib.
658 2189 735 2232 lege
758 2199 847 2221 nnnc
871 2199 1024 2221 mecum:
1054 2190 1167 2230 quod
1193 2199 1274 2222 non
1299 2200 1468 2233 semper
1491 2201 1524 2222 n.
1555 2202 1586 2223 e.

146 2253 190 2280 tt.
217 2247 376 2280 audiatur
401 2246 458 2280 hic
484 2248 656 2294 Aps2IX,
682 2247 752 2282 495
779 2241 899 2280 ἐνίοτε
927 2241 973 2280 οὗ
995 2242 1217 2291 ὃιηγητέον,
1251 2240 1346 2280 ὅταν
1375 2242 1464 2280 καθ’
1487 2243 1596 2292 ἡμῶν
1621 2243 1644 2292 ἡ

144 2299 321 2348 διήγησις
345 2295 382 2351 ᾗ,
411 2307 515 2339 etiam
542 2308 608 2339 An.
635 2307 717 2351 Seg.
746 2307 828 2341 440.
859 2308 912 2340 15.
948 2308 1030 2346 452,
1053 2307 1086 2340 9.
1148 2307 1270 2341 Senee.
1308 2307 1423 2342 Contr.
1463 2309 1504 2347 ΙΙ,
1537 2308 1571 2348 9,
1607 2319 1642 2351 p.

145 2365 210 2398 147
232 2366 287 2397 ed.
315 2366 395 2408 Bip.
422 2384 469 2389 —
516 2371 560 2399 15.
587 2376 678 2398 nunc
705 2366 843 2398 demum
877 2366 921 2398 ad
954 2371 1233 2410 argumentorum
1267 2367 1530 2410 dispositionem
1564 2377 1643 2410 pro-
1671 2367 1714 2399 18

143 2424 316 2467 greditur‚
357 2424 400 2456 de
425 2424 550 2465 quibus
575 2424 702 2467 agendi
723 2430 823 2457 antea
848 2430 985 2468 tempus
1012 2435 1079 2458 non
1104 2425 1181 2458 fuit.
1281 2433 1324 2458 16.
1353 2427 1446 2458 idem
1471 2428 1644 2469 praecipi—

144 2488 199 2515 tur
224 2493 244 2515 a
269 2482 340 2515 Cic.
364 2482 407 2514 de
433 2492 482 2514 or.
510 2483 551 2521 ΙΙ,
576 2481 657 2522 313,
683 2482 739 2515 Or.
769 2483 814 2516 50
840 2488 872 2515 et
890 2484 1022 2526 Apsine
1048 2483 1108 2523 IX,
1135 2484 1203 2517 515
1222 2494 1274 2525 sq.
1299 2502 1346 2507 —
1393 2490 1440 2516 20.
1468 2495 1559 2517 cnm
1584 2496 1647 2517 ce-

144 2541 255 2573 teris
282 2540 552 2572 coniunctae.
603 2550 702 2579 nam,
728 2541 820 2582 quod
847 2541 929 2573 dicit
956 2540 1069 2579 Quint.
1098 2543 1158 2581 IV,
1185 2543 1223 2580 2,
1248 2542 1310 2575 82:
1335 2535 1519 2583 ‘quaedam
1544 2554 1646 2587 argu-

144 2605 259 2632 menta
282 2598 383 2632 turba
405 2598 536 2638 valent,
566 2599 707 2631 diducta
731 2599 862 2631 leviora
886 2595 987 2634 sunt’.
1649 2595 1654 2599 “

238 2657 296 2697 99,
321 2662 348 2688 1.
377 2656 503 2688 similis
527 2662 577 2689 est
603 2657 791 2690 admonitio
816 2658 991 2690 Ciceronis
1015 2658 1058 2690 de
1084 2667 1134 2690 or.
1162 2658 1212 2697 II,
1241 2657 1321 2691 313.
1348 2676 1395 2681 —
1441 2664 1470 2690 4.
1500 2659 1644 2691 lectione

145 2716 246 2750 codd.
275 2720 492 2758 optumorum
514 2708 670 2756 ‘reliqua'
697 2726 724 2748 s.
746 2709 940 2757 ‘reliquum'
966 2721 1060 2759 patet
1084 2716 1233 2759 vestigia
1251 2716 1382 2748 servari
1402 2725 1531 2753 eorum,
1558 2727 1644 2757 quae

144 2774 375 2818 respondeant
401 2774 638 2816 superioribus
660 2785 704 2806 re
728 2780 922 2813 narrata,
956 2780 993 2806 ut
1028 2775 1097 2818 legi
1123 2780 1280 2818 oporteat
1305 2781 1362 2806 aut
1383 2769 1434 2807 ‘re
1461 2767 1560 2806 dicta'
1588 2779 1645 2805 aut

140 2826 192 2864 ‘re
217 2824 314 2864 acta'.
364 2831 452 2863 illud
476 2837 617 2874 propter
641 2832 762 2865 ductus
794 2833 971 2865 literarum
995 2833 1180 2865 similiores
1206 2833 1372 2875 praetuli,
1406 2842 1496 2863 nnnc
1521 2830 1643 2863 vellem

139 2885 192 2923 ‘re
218 2882 302 2922 acta'
331 2889 519 2922 dedissem.
571 2890 614 2922 cf.
643 2891 702 2929 111,
730 2893 773 2924 27
801 2891 900 2934 (108,
926 2889 989 2932 13)
1011 2884 1336 2933 ‘pronuntiationem
1356 2890 1481 2921 bonam
1507 2889 1543 2921 id
1566 2900 1645 2931 per-

144 2949 265 2988 ficere,
296 2953 333 2980 ut
364 2958 419 2981 res
447 2958 490 2980 ex
522 2948 635 2979 animo
666 2950 724 2990 agi
756 2941 922 2981 videatur'
956 2950 1058 2980 etiam
1093 2948 1150 2985 IV,
1183 2949 1228 2980 25
1248 2941 1450 2981 ‘sententias
1473 2948 1645 2990 interponi

1282 2995 1359 3035 18*
