1971 3198
743 203 1028 235 PRAEFATIO.
1580 211 1700 240 XXIII

237 299 465 342 Editiones
498 303 702 359 antiquae
737 307 1116 350 contaminationis
1147 310 1306 351 malam
1338 313 1698 354 consuetudinem

122 383 147 408 a
174 369 424 411 recentibus
457 370 681 412 codicibus
711 374 915 415 traditam
954 386 1273 433 propagarunt3
1303 381 1448 437 itaque
1478 383 1557 423 vix
1584 383 1700 438 quic-

124 450 253 492 quam
286 436 470 479 debetur
509 454 666 496 operae
703 457 863 497 eorum,
907 447 992 501 qui,
1025 453 1072 487 ut
1106 447 1378 489 Omnibonus
1408 449 1698 505 Leonicenus,

123 510 310 546 exeunte
348 521 461 548 saec.
502 508 588 550 XV
632 511 870 555 identidem
912 515 1185 557 recudendae
1228 517 1503 560 eRhetoricae
1538 527 1696 562 novae'

121 573 419 628 praefuerunt.
441 577 471 633 ¹)
506 579 635 619 etiam
663 580 827 622 Aldina
861 588 901 623 et
933 583 1108 625 Iuntina
1140 600 1236 626 raro
1271 586 1437 643 aliquid
1470 588 1525 629 ad
1558 603 1699 630 emen-

126 641 345 683 dationem
375 645 626 700 conferunt3
666 648 800 689 multo
839 649 966 705 plura
994 650 1286 694 Cratandrina
1317 661 1358 695 et
1396 655 1698 711 Lambiniana,

124 708 282 750 deinde
303 710 568 754 Ernestiana
607 721 647 755 et
679 714 943 758 Schutziana
976 725 1016 760 et
1048 720 1300 763 melioribus
1342 723 1428 765 iam
1460 727 1594 781 copiis
1626 728 1697 768 ad-

121 775 292 831 hibitis,
325 779 481 834 quibus
504 787 649 822 tamen
681 783 810 825 nimis
839 792 1094 828 cunctanter
1123 795 1251 845 atque
1282 790 1391 832 adeo
1426 793 1576 834 timide
1606 801 1696 836 ute-

121 842 261 899 batur,
289 851 473 904 utraque
495 849 740 894 Orelliana:
765 853 797 910 2)
822 870 969 896 omnes
1000 856 1062 897 nil
1087 857 1272 913 amplius
1292 867 1550 902 consecutae
1582 870 1695 916 sunt,

122 928 250 969 quam
303 922 350 957 ut
396 921 719 975 recognitiones
759 923 971 966 dicendae
1017 926 1103 967 sint
1148 926 1386 969 editionum
1428 930 1696 987 principum:

121 995 197 1023 eae
228 989 372 1025 autem
404 1000 460 1027 ex
490 987 765 1031 futilissumis
796 990 921 1033 libris
960 995 1082 1035 mstis
1126 995 1281 1037 ductae
1308 1011 1411 1038 sane
1439 1013 1525 1039 non
1556 1002 1697 1057 requi-

121 1049 277 1093 rebant
309 1052 564 1109 diligentem
599 1057 964 1114 explorationem:
1006 1064 1270 1118 posteriores
1307 1065 1383 1107 11111
1420 1067 1611 1124 aliquam
1641 1085 1697 1111 ex

120 1117 296 1173 ingenio
334 1124 648 1166 correctionem
684 1126 944 1181 afferebant,
988 1130 1201 1184 indicavi,
1245 1139 1472 1189 praeterea
1515 1135 1695 1178 Cratan-

119 1187 289 1229 drinam
321 1191 452 1232 citavi
486 1191 645 1249 (Crat.)
687 1200 728 1235 et
766 1210 968 1238 maxume
990 1191 1339 1243 'Lambinianam
1378 1202 1584 1261 (Lanib.),
1620 1205 1694 1246 ubi

116 1256 304 1310 primum
341 1259 627 1303 deseruerunt
667 1264 889 1319 volgatam
930 1266 1159 1309 lectionem
1194 1275 1323 1325 atque
1356 1272 1418 1312 sic
1450 1273 1570 1328 ipsae
1602 1281 1693 1316 tex-

116 1328 227 1377 tum,
280 1327 354 1382 qui
399 1327 454 1367 ad
509 1335 658 1369 nostra
709 1346 847 1388 usque
901 1339 1098 1389 tempora
1139 1337 1317 1389 mansit,
1358 1342 1690 1385 constituerunt.

118 1390 250 1432 Mich.
278 1392 552 1452 Bentinus,³)
587 1399 659 1453 qui
695 1398 1031 1442 Cratandrinam
1066 1403 1315 1458 adornavit,
1348 1408 1571 1451 codicibus
1602 1418 1693 1453 ute-

117 1457 244 1500 batur
271 1467 518 1504 nostrorum
548 1472 563 1504 l
589 1470 629 1505 et
658 1467 696 1520 ρ1
732 1467 959 1521 similibus,
979 1468 1218 1511 Lambinus
1243 1473 1276 1512 si
1311 1488 1397 1514 non
1428 1475 1533 1531 ipsis
1556 1493 1578 1518 r
1600 1485 1639 1519 et
1657 1494 1690 1532 0,

118 1532 234 1567 certe
266 1542 421 1583 parum
453 1530 655 1572 diversis.

230 1595 283 1636 In
313 1598 567 1641 universum
599 1600 740 1643 obfuit
778 1602 1032 1658 Cornificio,
1069 1621 1152 1662 quo
1184 1608 1327 1649 minus
1367 1610 1421 1651 ad
1460 1613 1691 1666 pristinum

115 1661 312 1706 habitum
341 1673 635 1721 revocaretur,
667 1669 831 1725 triplex
869 1671 1083 1714 editorum
1121 1674 1311 1716 incuria:
1352 1692 1496 1719 rerum
1536 1681 1689 1723 verbo-

114 1748 211 1774 rum
239 1734 460 1789 codicum3
493 1742 622 1792 atque
661 1753 805 1780 rerum
851 1740 911 1796 (h.
953 1757 987 1782 e.
1030 1743 1318 1798 potissumum
1355 1745 1687 1806 rhetoricarum)

116 1801 332 1856 neglectio
370 1804 612 1859 prohibuit,
657 1822 741 1863 quo
783 1811 925 1851 minus
968 1813 1228 1854 sententiam
1264 1816 1531 1869 saepissume
1571 1818 1687 1859 labo—

78 1919 85 1926 ,
115 1876 283 1913 rantem
314 1874 613 1928 restituerent,
648 1876 904 1932 verborum,
939 1894 1022 1935 quo
1053 1881 1195 1922 minus
1229 1897 1353 1924 suum
1394 1885 1595 1941 scriptori
1627 1887 1687 1927 di—

116 1939 243 1980 cendi
280 1955 418 1996 genus
458 1942 696 1985 identidem
736 1944 1014 1988 obliteratum
1054 1949 1306 2004 redderent,
1345 1952 1561 2008 codicum,
1603 1971 1686 2011 quo

113 2009 255 2050 minus
282 2011 475 2053 remedia
504 2013 548 2052 in
579 2013 640 2053 eis
663 2012 842 2055 latentia
870 2015 1188 2071 investigarent
1210 2026 1283 2060 aut
1310 2021 1395 2061 iam
1426 2023 1595 2077 prolata
1614 2025 1686 2066 ad-

113 2075 328 2120 hiberent.
363 2080 425 2120 sic
455 2095 597 2137 neque
626 2082 731 2122 artis
762 2081 888 2124 huius
922 2083 1240 2128 Cornificianae
1271 2093 1540 2144 praestantia
1561 2093 1685 2134 intel-

113 2145 201 2200 legi
216 2146 248 2203 4)
281 2148 439 2203 potuit,
467 2164 548 2191 nec
578 2151 822 2206 proprietas
855 2153 1062 2195 orationis
1102 2156 1147 2195 in
1178 2171 1344 2199 summa
1374 2161 1684 2216 perspicuitate

112 2309 162 2343 Pl.
191 2309 217 2341 L
256 2311 309 2345 10.
342 2312 391 2354 15,
419 2311 476 2351 30,
503 2313 547 2346 43
571 2314 669 2355 (olim
695 2314 901 2356 Pctrarcae),
928 2317 984 2358 44,
1007 2316 1085 2348 XIII
1108 2316 1157 2350 Pl.
1175 2318 1211 2350 L.
1239 2319 1294 2359 29,
1321 2320 1399 2353 XIV
1423 2322 1472 2356 Pl.
1499 2322 1538 2356 L.
1566 2326 1598 2362 5,
1624 2326 1680 2363 20,

111 2370 168 2405 -10,
201 2371 326 2403 multos
348 2370 449 2403 huius
477 2376 508 2403 et
530 2372 705 2405 Paris-luae
732 2373 959 2405 bibliothecae
987 2376 1086 2410 codd.
1116 2388 1206 2409 saec.
1232 2378 1295 2409 XV
1324 2390 1388 2412 11011
1415 2383 1633 2415 morabiuuu'.

207 2427 244 2469 1)
272 2429 560 2462 Mediolanensem
588 2431 770 2463 editionem
788 2431 918 2473 (med.)
943 2443 995 2467 aO.
1016 2434 1104 2467 1474
1131 2436 1255 2468 editam
1282 2438 1463 2479 aliquoties
1488 2443 1680 2475 citavimus.

206 2486 245 2529 2)
273 2489 366 2530 prior
393 2488 446 2520 ed.
473 2490 551 2520 anni
576 2489 666 2522 1820
689 2490 885 2524 Turiceusis
911 2493 985 2524 cod.
1014 2493 1059 2535 (t)
1087 2494 1250 2528 lectiones
1278 2503 1308 2528 ct
1329 2505 1489 2541 excerpta
1516 2511 1557 2531 cx
1585 2501 1680 2533 libris

111 2544 364 2578 Oxouiensibus
389 2545 453 2588 (ef.
486 2548 592 2580 Index
619 2549 698 2580 edd.
719 2560 752 2592 p.
785 2550 867 2591 212)
895 2550 1031 2591 habuit,
1061 2556 1231 2596 posterior
1256 2557 1357 2588 codd.
1379 2559 1499 2599 paftrl)
1527 2561 1677 2593 collatio>

111 2613 184 2641 nes,
210 2603 252 2635 de
279 2604 402 2645 quibus
428 2615 531 2649 supra
557 2608 703 2649 egimus.
1665 2607 1670 2610 ⁵

199 2659 237 2703 3)
261 2661 304 2694 cf.
334 2662 437 2698 Orell.
465 2665 538 2696 Ind.
560 2665 636 2696 edd.
661 2676 726 2697 scr.
756 2665 824 2698 Cic.
856 2667 932 2701 198.

203 2718 243 2760 4)
269 2720 313 2752 cf.
341 2726 376 2752 ut
404 2722 436 2753 in
462 2723 689 2766 quadraginta
711 2723 783 2756 sere
810 2727 947 2768 paginis
983 2728 1210 2761 subsistamus
1241 2730 1273 2767 8,
1307 2733 1363 2767 21,
1399 2732 1430 2774 9,
1472 2735 1522 2769 17,
1564 2736 1613 2771 10,
1644 2737 1673 2772 1,

111 2776 165 2813 12,
192 2776 246 2815 ll,
276 2777 328 2818 15,
353 2778 417 2811 let
446 2779 499 2817 13,
528 2780 584 2819 18,
610 2781 663 2820 11,
690 2781 745 2821 19,
770 2783 823 2821 12,
850 2784 906 2821 20,
934 2784 967 2826 6,
1001 2785 1040 2816 11
1067 2792 1097 2817 et
1127 2786 1181 2825 10,
1208 2789 1263 2823 27.
1296 2790 1348 2827 10,
1376 2791 1431 2828 28,
1463 2792 1513 2824 ll.
1535 2792 1591 2827 30.
1624 2794 1675 2831 17,

109 2832 164 2872 32,
195 2833 249 2873 13,
276 2833 333 2875 34,
363 2835 419 2877 19,
445 2837 502 2879 36,
531 2838 552 2871 6
580 2845 612 2871 ct
641 2839 695 2882 15,
723 2841 779 2880 40,
810 2841 863 2882 13,
892 2844 948 2881 42,
978 2844 997 2874 2
1021 2844 1123 2890 0112,
1152 2846 1208 2883 44,
1236 2847 1253 2877 7
1284 2853 1314 2878 ct
1340 2848 1372 2886 8,
1401 2849 1456 2885 45,
1486 2850 1516 2885 1,
1543 2850 1598 2886 10,
1622 2850 1672 2887 uz,

108 2893 165 2929 47,
197 2892 248 2935 13,
276 2893 332 2933 49,
358 2895 380 2927 8
406 2901 437 2928 et
466 2896 518 2936 10,
547 2898 604 2937 50,
634 2898 654 2932 8
690 2905 720 2931 et
753 2899 786 2938 9,
814 2901 870 2938 52,
898 2902 955 2940 22,
982 2901 1038 2940 53,
1063 2902 1083 2934 3
1109 2908 1140 2934 et
1172 2904 1226 2936 15.
