1923 3182
776 188 982 226 NOTAE.
1545 183 1640 243 3057

127 302 185 335 62.
210 319 258 324 -
282 307 310 334 6.
338 300 569 333 vehemens
595 304 659 332 est
688 300 792 333 haec
818 300 1060 333 exornatio.
1111 304 1148 330 ut
1173 300 1220 332 ait
1245 299 1315 334 Cic.
1350 300 1440 333 Part.
1472 299 1517 333 59
1542 293 1629 332 ‘fre-

127 361 297 402 quentatis
324 359 545 392 firmamentis
572 360 736 392 orationis
763 366 795 392 et
822 360 970 391 breviter
987 359 1156 401 expositis
1180 360 1248 391 vim
1273 365 1324 391 est
1347 359 1505 391 habitura
1525 370 1629 391 causa

127 420 316 452 maiorem’.
415 426 443 453 9.
472 419 691 462 expolitio
719 425 858 451 vocatur
884 429 904 450 a
924 418 1063 450 Theone
1092 418 1158 451 152
1177 428 1252 460 sqq.
1281 411 1491 460 ἐξεργασία,
1520 419 1629 461 sigui-
1654 419 1699 450 54

127 478 247 511 ficatur
274 490 294 511 a
325 478 489 510 Cicerone
517 478 574 510 Or.
612 476 676 510 137
710 472 776 509 ‘sic
813 478 917 520 igitur
949 477 1040 509 dicet
1080 477 1158 516 ille,
1204 488 1305 518 quem
1344 478 1559 521 expetimus,
1596 484 1632 509 ut

129 544 243 571 vorset
270 548 374 580 saepe
398 536 513 569 multis
540 537 661 569 eadem
688 541 719 569 et
745 546 813 568 una
841 537 875 567 in
905 547 941 568 re
967 535 1107 568 haereat
1138 537 1171 568 in
1201 537 1390 579 eademque
1416 542 1632 570 commoretur

128 593 308 630 sententia’
334 606 395 628 nec
422 596 556 629 alienus
582 595 624 627 ab
654 595 719 627 hac
756 605 792 626 re
825 594 957 627 Seneca
984 594 1096 627 Contr.
1136 595 1194 633 IV,
1224 594 1269 627 28
1295 600 1381 630 extr.
1417 589 1535 628 ‘habet
1567 596 1632 628 hoc

128 655 307 689 Montanus
350 655 489 687 vitium:
529 655 716 687 sententias
760 664 841 686 suas
883 654 1070 697 repetendo
1111 655 1315 696 corrumpit:
1355 655 1435 687 dum
1475 665 1541 687 uon
1582 661 1632 687 est

127 719 305 747 contentus
336 724 439 746 unam
472 724 542 745 rem
571 713 677 745 semel
707 713 795 746 bene
825 713 958 751 dicere,
994 712 1117 753 efficit,
1151 723 1193 745 110
1218 713 1306 745 bene
1338 714 1466 746 dixerit
1492 720 1525 746 et
1553 724 1633 757 pro-

128 779 203 816 pter
228 773 294 805 hoc
319 779 351 806 et
377 773 446 805 alia
468 791 514 795 —
540 773 672 805 solebat
697 772 847 805 Scaurus
870 772 1068 804 Montanum
1094 773 1182 804 inter
1208 778 1360 805 oratores
1387 772 1547 806 Ovidium
1575 784 1634 805 vo-

129 842 225 871 care;
252 842 331 864 nam
357 838 389 864 et
416 832 561 865 Ovidius
587 832 714 872 nescit,
743 832 834 873 quod
859 831 946 863 bene
973 833 1096 870 cessit,
1122 825 1337 873 relinquere'.
1455 839 1498 866 15.
1528 832 1633 864 aliis

130 891 298 926 verbis.
350 897 386 922 ut
408 891 586 925 Demosth.
615 891 740 930 XVIII,
768 889 825 930 63,
853 890 910 929 64,
938 890 1001 929 66,
1026 889 1071 924 69
1099 891 1246 922 diversis
1273 891 1386 923 verbis
1413 892 1556 923 eandem
1582 902 1635 924 re-

127 950 212 992 petit
236 950 550 993 interrogationem.
602 949 799 993 exemplum
827 949 939 982 malae
968 949 1192 993 expolitionis
1219 950 1412 982 invenimus
1439 961 1495 993 ap.
1520 951 1635 983 decla—

127 1014 292 1041 matorem
319 1018 381 1052 pro
409 1009 509 1041 domo
528 1007 586 1049 97,
612 1007 658 1041 98
683 1001 742 1040 ‘an
767 1019 831 1052 ego
859 1015 1014 1052 poteram
1038 1028 1080 1032 —
1109 1010 1243 1041 caritati
1269 1011 1445 1052 auteponit
1467 1003 1630 1049 suorum',

127 1077 214 1108 quae
240 1067 362 1100 inscite
388 1066 562 1100 transtulit
586 1077 630 1099 ex
657 1066 816 1100 Sestiana
842 1069 862 1108 §
885 1068 940 1100 51.

222 1126 302 1166 190,
329 1132 374 1158 12.
405 1126 445 1157 in
473 1136 553 1168 qua
584 1131 636 1159 est
661 1125 831 1158 adiectum
863 1136 929 1159 uou
956 1126 1129 1158 intellecta
1154 1126 1336 1159 verborum
1361 1128 1630 1163 constructione:
1657 1129 1700 1160 55

127 1185 219 1227 quod
254 1185 451 1228 exemplum
485 1185 705 1228 subiungitur
746 1185 913 1228 sapientis
952 1195 1068 1217 secum
1102 1185 1343 1225 deliberantis,
1384 1179 1633 1228 διαλογισμὸν

127 1244 285 1284 exhibet,
313 1244 355 1276 de
381 1253 447 1286 quo
473 1243 518 1278 cf.
553 1243 614 1276 Iul.
642 1243 755 1278 Rufin.
786 1245 812 1284 Ι,
836 1244 893 1279 20.

223 1302 301 1345 191,
327 1309 355 1335 2.
385 1313 464 1344 qua
490 1314 534 1335 re
563 1303 760 1344 loquitur
784 1319 832 1327 -ν
868 1303 1012 1346 fugiet
1045 1303 1148 1335 verba
1171 1313 1190 1334 a
1213 1303 1377 1335 Schiitzio
1405 1304 1477 1335 iure
1507 1305 1633 1336 reiecta

129 1367 223 1397 suut:
251 1361 353 1404 volgo
377 1363 424 1394 ita
453 1362 658 1402 efferuntur,
684 1368 721 1394 ut
747 1363 890 1406 sapiens
917 1362 1031 1394 adhue
1058 1363 1133 1405 ipse
1161 1356 1335 1404 loqua'tur,
1365 1368 1398 1394 at
1423 1363 1456 1394 111
1483 1363 1632 1405 optumis

127 1420 230 1456 codd.
259 1420 402 1464 fugiet
430 1420 566 1463 legitur,
593 1431 660 1454 11011
679 1414 780 1464 ‘fugi’
802 1422 879 1453 ideo
908 1432 950 1453 ex
970 1431 997 1452 π
1017 1422 1171 1464 recipere
1192 1422 1374 1455 debuimus
1401 1432 1513 1466 ergo.
1542 1422 1633 1463 quod

128 1483 241 1511 autem
268 1479 396 1512 Schiitz
423 1480 538 1512 statim
565 1480 777 1513 traducendo
805 1481 900 1512 dedit
923 1490 985 1523 pro
1011 1481 1262 1519 tractando,
1298 1480 1518 1513 vehementer
1544 1480 1633 1512 falli-

128 1542 199 1575 tur,
225 1543 261 1569 ut
288 1538 394 1579 liquet
420 1548 462 1570 ex
491 1537 570 1577 189,
599 1538 653 1571 14.
752 1545 779 1571 7.
808 1544 847 1571 et
877 1549 1014 1581 prava
1046 1539 1219 1571 ratione
1258 1539 1402 1573 fecimus
1428 1550 1471 1571 ex
1494 1533 1633 1582 ‘provo<

128 1589 284 1634 catione'3
317 1597 369 1628 sic
397 1607 502 1640 supra
534 1603 585 1629 est
627 1596 711 1636 189,
738 1597 781 1630 18
809 1590 884 1638 ‘qui
915 1598 1015 1630 bonis
1048 1598 1112 1629 erit
1143 1598 1333 1631 rationibus
1357 1591 1557 1641 praeditus'.
1586 1616 1628 1621 —

129 1659 173 1688 13.
205 1655 348 1686 eadem
384 1665 452 1687 res
484 1674 529 1680 ——
568 1666 699 1689 exsus
711 1657 924 1689 citatione
946 1649 1133 1699 ‘glossator
1158 1656 1284 1698 aliquis
1306 1658 1431 1689 adiecit
1455 1658 1629 1700 repetitio-
1657 1658 1701 1690 56

130 1712 181 1744 uis
205 1712 410 1753 formulam,
446 1725 513 1756 qua
547 1714 649 1747 facile
680 1708 859 1748 caremus’.
919 1714 1073 1747 Schiitzii
1101 1715 1165 1747 1100
1199 1722 1250 1749 οε1
1276 1717 1441 1748 iudicium
1464 1716 1546 1748 haut
1572 1717 1634 1748 du-

128 1771 183 1803 bie
208 1783 346 1812 verum;
383 1773 523 1814 reliquit
555 1779 668 1806 autem
701 1779 787 1816 set,
827 1774 918 1816 quod
950 1775 1032 1806 item
1066 1774 1325 1816 interpolatoris
1352 1780 1420 1811 est,
1462 1775 1632 1807 adiectum

128 1831 276 1872 scilicet,
305 1837 340 1863 ut
364 1831 480 1872 aliqua
506 1833 700 1866 coniunctio
727 1833 923 1866 efficeretur
945 1835 1162 1875 sequentium
1189 1845 1266 1866 cum
1296 1834 1514 1869 emblemate.

228 1888 304 1928 19⁶2,
332 1894 360 1924 3.
394 1890 443 1922 de
464 1901 545 1931 qua
576 1891 856 1924 conclusioni
893 1902 939 1924 no
952 1902 1039 1923 men
1074 1898 1146 1924 est.
1198 1892 1283 1924 haec
1310 1893 1485 1925 distinctio
1512 1894 1633 1925 intem—

130 1947 265 1988 pestiva
281 1953 350 1985 est,
379 1949 559 1989 sequentia
578 1948 637 1992 (6)
665 1960 768 1992 ergo
793 1968 839 1972 —
864 1951 1183 1983 sententiarum
1209 1951 1404 1993 generalem
1428 1952 1631 1984 sententiam

129 2004 272 2047 habent,
300 2005 359 2037 ubi
385 2006 427 2038 de
453 2012 545 2038 certa
569 2007 717 2048 quadam
744 2014 775 2039 et
795 2008 963 2050 peculiari
983 2008 1207 2050 expolitionis
1227 2008 1337 2040 forma
1354 2010 1480 2052 agitur,
1506 2010 1631 2041 deinde

129 2060 185 2104 (9)
211 2063 351 2107 igitur
376 2070 540 2108 septem
566 2066 768 2109 partibus
793 2067 1060 2098 tractabitur
1086 2067 1355 2099 numerationem
1380 2068 1544 2110 ineptam,
1571 2068 1630 2099 de-

130 2122 233 2163 nique
259 2129 292 2155 10
318 2129 361 2156 ut
394 2125 510 2157 scire
535 2126 684 2168 possis
707 2143 753 2148 —
781 2131 998 2158 tractetur
1023 2126 1125 2169 plane
1152 2126 1277 2158 falsam
1305 2127 1527 2165 sententiam,
1554 2128 1629 2168 qui·
1655 2127 1698 2158 57

129 2181 195 2214 bus
221 2182 331 2223 enim,
364 2188 401 2215 ut
426 2182 515 2215 infra
544 2183 629 2223 194,
656 2184 677 2216 7
726 2185 785 2223 311,
813 2178 935 2217 ‘multo
966 2195 1125 2217 maxume
1155 2195 1355 2216 exercemur
1387 2185 1431 2217 ad
1466 2185 1631 2218 elocutio-

130 2240 184 2271 nis
208 2233 414 2273 facultatem'
443 2252 483 2274 ea
508 2241 627 2274 facilia
653 2253 728 2275 esse
753 2253 820 2275 11011
846 2249 1003 2286 possunt.
1055 2244 1169 2276 01111113
1194 2244 1261 2276 ista
1286 2243 1541 2276 molestissume
1563 2250 1634 2276 tur-

130 2297 210 2330 bant
253 2300 528 2333 coniunctionem
572 2302 749 2345 praecepti
797 2313 873 2334 cum
906 2302 1079 2345 exemplo.
1126 2303 1202 2336 VV.
1239 2302 1313 2335 DD.
1352 2308 1464 2335 tamen
1507 2304 1634 2336 intacta

131 2357 342 2399 reliquerunt
376 2360 530 2403 exceptis
565 2360 632 2401 (VS.
666 2362 702 2403 5)
731 2354 782 2393 ‘in
818 2361 884 2394 hoc
918 2361 1005 2393 libro
1038 2380 1082 2385 —
1119 2371 1242 2394 nomen
1276 2354 1351 2400 est'‚
1390 2372 1478 2403 quae
1510 2363 1633 2395 ceteris

131 2417 234 2449 ctiam
258 2417 494 2451 tolerabiliora
519 2425 609 2451 sunt.
638 2420 800 2463 Hermog.
821 2421 921 2463 Prog.
945 2421 970 2457 Ι,
987 2421 1043 2461 22,
1067 2425 1104 2452 111
1129 2420 1363 2463 Aphthonius,
1394 2421 1534 2454 easdem
1562 2421 1633 2453 fere

130 2481 245 2517 partes
271 2474 400 2517 χρείας
423 2476 524 2519 facit,
552 2479 649 2510 cuius
677 2479 780 2522 plane
805 2479 945 2512 diversa
971 2480 1127 2512 tractatio
1153 2484 1205 2512 est
1222 2490 1277 2523 ap.
1295 2479 1425 2512 Theon.
1446 2480 1526 2518 201,
1546 2480 1628 2514 206.

131 2533 354 2577 expolitionis
382 2535 542 2578 exempla
570 2536 712 2579 praebet
741 2537 812 2573 Cic,
841 2549 876 2581 p.
910 2537 998 2570 Mur.
1025 2537 1184 2581 61—66,
1215 2549 1250 2582 p.
1276 2537 1368 2572 Cael.
1398 2537 1556 2578 39-42,
1590 2540 1632 2571 de

130 2602 228 2636 prov,
258 2602 352 2627 cons.
385 2592 430 2625 29
456 2604 506 2635 sq·
537 2593 608 2629 Cat.
637 2595 679 2634 ΙΙ,
709 2596 847 2629 14-16
876 2596 1061 2629 nonnullae
1086 2603 1201 2641 partes
1228 2597 1302 2630 eius
1328 2598 1548 2629 inveniuntur
1574 2609 1630 2641 ap.
1670 2597 1675 2601 ’

131 2651 229 2683 Ι)0111.
258 2650 384 2690 XVIII,
411 2650 612 2692 309—312,
640 2653 709 2686 Cic.
743 2665 778 2698 p.
806 2654 842 2689 S.
871 2655 974 2690 Rosc.
1006 2655 1072 2688 109
1093 2666 1169 2698 sqq.
1205 2656 1239 2687 in
1262 2655 1489 2689 Cornificiauo
1515 2668 1631 2689 exem-

131 2710 190 2753 plo
218 2719 274 2742 res
301 2710 506 2753 simpliciter
533 2713 752 2754 pronuntiata
778 2713 903 2756 legitur
928 2724 980 2747 vs.
1007 2714 1062 2756 12,
1089 2715 1176 2748 ratio
1200 2715 1354 2748 subiecta
1379 2715 1461 2747 ibid.
1490 2725 1544 2748 res
1569 2716 1630 2747 du—

130 2768 269 2811 pliciter
285 2769 505 2811 pronuntiata
524 2775 556 2802 et
575 2781 652 2802 cum
678 2772 867 2805 rationibus
886 2772 929 2805 16
949 2784 1025 2815 sqq.
1044 2775 1250 2806 contrarium
1265 2773 1306 2806 21
1320 2784 1396 2814 sqq.
1417 2773 1530 2805 simile
1555 2772 1630 2813 193,

131 2827 154 2860 6
179 2837 256 2868 sqq.
307 2827 504 2871 exemplum
531 2828 570 2860 11
600 2839 674 2871 sqq.
704 2829 878 2863 conclusio
904 2831 982 2871 194,
1014 2832 1027 2864 l
1056 2844 1132 2874 sqq.

227 2883 306 2924 193,
334 2890 361 2918 1.
390 2886 670 2920 vehementer
701 2894 763 2920 est
798 2890 995 2932 iniquom
1026 2909 1070 2914 —
1102 2901 1183 2923 11011
1211 2890 1326 2922 dare.
1379 2898 1463 2921 usus
1489 2899 1528 2920 ea
1554 2899 1631 2921 seu-

126 2943 233 2975 tentia
255 2947 307 2975 est
333 2942 404 2978 cio.
442 2944 530 2980 Phil.
564 2945 657 2983 XIV,
692 2946 733 2979 31
763 2951 794 2979 et
826 2958 860 2990 p.
888 2947 976 2980 Sest.
1010 2950 1054 2981 47
1082 2943 1313 2985 enesciebam,
1340 2964 1386 2969 —
1409 2957 1511 2988 quom
1539 2953 1631 2979 essct

243 3003 478 3029 conuiricius.
1300 3001 1346 3034 20
