1923 3182
762 193 971 230 NOTAE.
1537 184 1622 228 309

129 308 212 347 108;
238 308 274 339 111
299 308 367 340 Pis.
398 307 428 346 1,
455 308 511 342 25.
541 318 575 350 p.
596 305 686 340 Sest.
719 305 770 345 18,
802 306 854 348 19,
881 305 939 336 ubi
965 305 1014 336 sic
1042 310 1268 347 praeparatur
1293 303 1437 337 effictio:
1460 297 1621 346 ‘quorum

122 366 274 405 (Pisonis
307 372 340 398 et
374 365 527 407 Gabinii)
560 376 622 408 per
653 365 736 397 deos
770 363 963 397 inmortalis
997 364 1026 396 si
1067 363 1219 396 nondum
1250 363 1381 395 scelera
1415 363 1621 405 volneraque

124 425 238 457 inusta
262 425 310 457 rei
336 425 498 468 puplicae
525 424 628 457 voltis
655 423 845 464 recordari,
881 422 1009 455 voltum
1034 429 1135 463 atque
1162 423 1335 454 incessum
1362 422 1486 453 animis
1514 422 1623 454 intue-

123 483 224 514 mini:
265 483 401 516 facilins
426 483 518 515 facta
544 493 661 515 eorum
687 488 864 514 occurrent
888 481 1062 514 mentibus
1088 482 1234 520 vostris,
1268 481 1297 512 si
1327 490 1386 512 ora
1410 481 1487 523 ipsa
1512 480 1621 513 oculis

122 535 396 585 proposueritis'.
521 547 562 573 10.
597 540 766 573 notatio
794 532 991 581 η’θοποιΐα
1023 539 1148 570 dicitur
1182 538 1223 570 ab
1255 539 1415 581 Hermog.
1451 539 1516 577 44,
1544 548 1619 580 sqq.

124 593 431 642 χαρακτηρισμὸς
463 610 483 631 a
513 600 591 631 Rut.
618 599 707 641 Lup.
736 598 782 640 ΙΙ,
819 598 851 640 7,
880 598 937 639 qui
963 597 1111 639 LJconis
1139 597 1237 629 affert
1263 597 1471 629 notationem
1493 597 1622 629 ebriosi

123 659 350 702 praeclaram,
379 658 496 691 Cicero
522 658 564 690 de
588 657 655 690 hoo
680 662 878 689 ornamento
896 656 1060 688 orationis
1076 656 1145 698 agit
1160 656 1246 698 Top.
1262 655 1319 694 83,
1337 656 1392 687 Or.
1413 655 1489 691 138,
1513 656 1555 688 de
1569 666 1619 690 or.

124 717 177 755 111,
201 717 289 755 204;
316 717 431 756 Quint.
458 718 517 756 VI,
533 718 567 755 2,
587 716 640 749 17.
670 715 830 758 exempla
853 715 1053 758 suppeditat
1074 714 1142 746 Cic.
1172 714 1244 748 Cat.
1266 715 1306 753 Il,
1331 715 1387 753 20,
1408 715 1453 746 ‘22
1478 726 1511 758 p.
1534 714 1620 746 Mur.

123 775 182 814 38,
208 775 265 808 51.
293 777 328 808 in
350 777 419 810 Pis.
448 776 504 815 67,
532 776 588 814 20,
615 776 679 814 22,
705 786 741 818 p.
769 775 882 806 Flacc.
914 774 951 806 ll
981 784 1032 816 sq.
1061 773 1122 807 Ph.
1153 774 1201 812 11,
1230 773 1305 806 105.
1356 783 1416 804 nec
1443 772 1621 808 Demosth.

124 835 250 867 talibus
278 840 388 874 caret,
415 834 458 866 cf.
486 835 529 873 11,
562 834 712 873 15-20,
739 833 842 872 XXI,
868 833 950 866 204.
985 852 1030 855 ——
1081 839 1123 867 1‘2.
1152 839 1465 865 ostentatorem
1493 843 1624 875 pecu-

125 894 220 926 niae
261 893 501 937 gloriosum
540 893 685 926 fecimus
719 903 761 925 ex
789 893 949 935 vestigiis
982 892 1081 924 codd.
1116 892 1207 932 qnod
1239 892 1330 923 enim
1365 892 1445 923 Ern.
1480 902 1523 924 ex
1555 902 1622 923 uno

123 952 297 995 Lipsiensi
324 953 434 991 duxit,
455 945 534 985 ‘ost.
564 944 741 996 Pecuniae'
775 951 996 993 sequentibus
1029 950 1126 989 aliis,
1169 950 1341 982 hominem
1369 950 1466 993 fingit
1493 950 1624 983 divitiis

123 1012 195 1044 suis
223 1012 390 1051 inflatum,
413 1003 627 1055 ‘gloriosum'
654 1011 792 1043 demum
818 1011 1002 1043 accedente
1030 1010 1122 1041 notio
1149 1010 1264 1042 existit
1283 1010 1422 1042 divitias
1441 1010 1506 1042 sibi
1535 1010 1622 1042 falso

121 1070 314 1104 tribuentis.
365 1070 467 1110 adde,
495 1070 587 1112 qnod
614 1069 704 1102 infra
729 1069 810 1111 ⁶204,
841 1069 884 1103 16
910 1069 1101 1112 respiciens
1127 1069 1171 1101 ad
1199 1069 1286 1101 hanc
1313 1069 1521 1101 notationem
1548 1069 1623 1113 glo-

122 1129 205 1162 riosi
229 1140 267 1162 se
292 1130 338 1162 ait
363 1128 577 1164 exhibuisse.

216 1188 296 1231 202,
323 1194 351 1220 6.
379 1187 495 1221 falso
520 1189 860 1231 interpretamentum
894 1186 1066 1219 adiectum
1096 1191 1147 1219 est
1178 1187 1222 1218 ad
1250 1179 1390 1229 ‘fragile
1422 1186 1623 1230 choragium

123 1239 266 1290 gloriae'
291 1248 326 1279 in
353 1246 454 1280 codd.
483 1247 705 1285 melioribus,
740 1246 929 1278 deteriores
957 1245 1083 1277 habent
1106 1237 1242 1277 ‘falsae’
1270 1255 1337 1277 non
1362 1246 1474 1277 minus
1503 1256 1624 1288 super-

122 1315 332 1345 vacaneum,
360 1315 463 1347 quom
486 1315 553 1337 non
580 1306 647 1338 nisi
674 1305 762 1337 falsa
783 1305 896 1348 gloria
920 1304 1069 1345 requirat
1096 1303 1164 1335 tale
1187 1304 1424 1346 praeconium.
1523 1312 1549 1338 S.
1579 1312 1622 1337 nt

122 1364 364 1407 diligenter
397 1370 674 1396 numerentur
704 1364 866 1407 intellege
892 1355 1010 1396 ‘servi'
1037 1373 1181 1404 quornm
1214 1368 1328 1395 tantus
1355 1373 1517 1395 numerus
1544 1375 1621 1397 esse

121 1423 321 1463 simulatur,
355 1429 391 1455 ut
425 1433 512 1455 nnns
545 1424 588 1456 iis
615 1423 802 1455 lustrandis
835 1432 900 1454 non
926 1421 1076 1453 sufficiat
1102 1422 1136 1452 in
1169 1432 1266 1462 seqq.
1296 1420 1352 1464 (9)
1380 1422 1534 1455 additum
1560 1424 1622 1456 ha-

122 1483 203 1515 bent
231 1482 370 1523 quidam
398 1482 476 1514 libri
497 1475 672 1514 ‘hominis'
703 1487 734 1514 et
761 1474 904 1524 ‘plures'
939 1491 1027 1521 qnae
1058 1480 1228 1513 vocabula
1253 1481 1294 1512 ab
1322 1482 1458 1514 attentis
1485 1483 1621 1515 lectori-

121 1543 186 1574 bus
217 1551 286 1572 non
316 1541 615 1574 desiderabuntur.
723 1546 766 1572 12.
802 1540 869 1572 levi
902 1540 1169 1582 transpositione
1200 1539 1279 1571 huic
1314 1539 1387 1572 1000
1414 1542 1621 1576 medendum

123 1600 206 1633 fuit:
233 1599 472 1642 splendide
497 1600 589 1632 dum
616 1610 678 1642 pro
701 1593 798 1632 ‘dum
818 1594 895 1643 spl.’
922 1599 1078 1642 hospites
1103 1599 1243 1630 veniunt
1264 1598 1413 1632 hominis
1439 1602 1625 1644 splendida

124 1659 357 1703 promissione
388 1658 520 1700 allecti,
562 1668 628 1699 qno
661 1659 773 1701 magis
806 1657 842 1689 fit
877 1658 1065 1695 ridiculus,
1104 1667 1205 1698 quom
1238 1668 1297 1690 eos
1322 1660 1461 1692 sordide
1488 1663 1625 1706 accipit,

123 1728 190 1751 non
216 1721 393 1760 tantopere
426 1717 686 1759 explodendus‚
725 1718 755 1748 si
788 1717 883 1748 nulla
915 1716 1005 1748 facta
1038 1717 1220 1749 iactatione
1253 1716 1453 1750 liberalitati
1488 1720 1625 1754 illorum

123 1786 246 1821 parum
277 1775 511 1818 responderet.
576 1768 776 1819 ‘splendide
809 1769 964 1808 invitare'
1004 1776 1126 1808 eadem
1159 1775 1231 1808 fere
1263 1777 1394 1809 ratione
1427 1778 1552 1810 dicitnr
1586 1791 1625 1812 ac

115 1831 270 1880 ‘prolixe
293 1828 502 1877 promittere’
530 1833 598 1867 Cic.
625 1836 718 1867 Fam.
747 1836 825 1875 VII,
854 1836 887 1868 5.
910 1828 1074 1878 ‘benigne
1092 1828 1247 1868 invitare'
1269 1835 1363 1868 Fam.
1384 1837 1442 1875 IV,
1466 1837 1520 1877 13,
1542 1839 1620 1872 alia.

216 1892 304 1934 203,
330 1900 358 1926 8.
393 1893 652 1926 sodalitium
685 1892 741 1925 hic
771 1900 822 1926 est
853 1895 1050 1927 convivium
1082 1905 1102 1926 a
1134 1894 1313 1927 sodalibus
1340 1895 1550 1937 institutum,
1590 1906 1625 1932 ut
1650 1902 1694 1936 61

124 1958 268 1996 apparet
293 1963 337 1984 ex
360 1952 476 1984 verbis
502 1945 686 1994 ‘perspicit
717 1958 895 1995 argentum
922 1971 969 1975 —-
995 1953 1075 1985 visit
1100 1954 1286 1985 triclinium
1312 1949 1476 1988 stratnm'.
1529 1960 1622 1999 quod

126 2013 205 2046 Ern.
226 2011 332 2043 visit
358 2009 500 2051 deleret,
526 2009 623 2041 nulla
641 2016 711 2042 erat
729 2021 845 2043 causa.
899 2017 942 2045 17.
971 2017 1148 2054 postero
1175 2012 1243 2043 die
1266 2013 1333 2044 soli
1353 2016 1425 2055 περὶ
1446 2017 1624 2057 praebent,

124 2076 158 2102 at
184 2080 292 2112 supra
306 2069 385 2111 188,
404 2069 446 2101 15
466 2078 540 2110 epa:
565 2079 641 2100 cnm
667 2069 782 2101 multis
809 2069 888 2102 aliis
908 2063 1061 2112 ‘postero
1089 2070 1144 2102 die
1169 2071 1352 2104 titubanter
1379 2091 1424 2096 —-
1450 2073 1620 2109 locutnm’.

219 2128 300 2167 204,
327 2135 356 2160 2.
382 2128 623 2171 angiporto
658 2133 749 2161 tnto
778 2129 909 2172 optumi
934 2128 1060 2160 habent
1086 2129 1187 2163 codd.
1222 2135 1316 2162 tuto
1354 2131 1481 2164 indicat
1510 2134 1624 2167 diver-

124 2198 199 2220 sam
220 2187 495 2219 terminationem
522 2186 700 2225 vocabuli,
728 2187 763 2218 in
788 2187 867 2219 aliis
893 2188 984 2219 euim
1011 2188 1108 2219 libris
1127 2181 1350 2231 ‘angiportn'‚
1380 2191 1413 2222 in
1448 2192 1526 2224 aliis
1548 2187 1623 2226 ean-

123 2239 270 2290 giporto'
296 2246 492 2289 legebatur,
520 2246 600 2278 inde
624 2245 795 2277 faciebant
822 2246 1030 2278 deteriorum
1057 2247 1157 2278 codd.
1183 2244 1398 2289 διορθωταὶ
1418 2243 1524 2286 ‘toto’,

124 2311 167 2337 10.
195 2315 270 2338 nos
296 2304 460 2337 Samiis
487 2304 830 2342 delectabimur,
857 2304 892 2339 h.
920 2316 950 2340 e,
978 2305 1159 2345 fictilibus,
1183 2312 1220 2337 111
1244 2307 1348 2349 volgo
1378 2314 1521 2342 constat.
1574 2313 1618 2347 cf,

123 2373 265 2396 suavem
292 2363 364 2397 Cic.
392 2363 619 2394 narrationem
644 2374 680 2406 p.
709 2363 795 2397 Mur.
823 2364 879 2397 75.
978 2369 1023 2397 20.
1051 2365 1393 2405 sermocinatio,
1421 2378 1521 2408 qnam
1551 2371 1614 2412 Aq.
1646 2380 1691 2414 65

120 2423 161 2456 R.
179 2421 397 2464 ethopoeiam
420 2421 585 2463 appellat,
614 2421 828 2464 significatur
843 2432 863 2453 a
883 2422 951 2454 Cic.
970 2422 1012 2454 de
1038 2433 1087 2455 or.
1108 2424 1147 2465 ΙΙ,
1170 2423 1238 2456 328
1256 2417 1494 2459 ‘festivitatem
1517 2428 1619 2461 habet

123 2480 272 2512 narratio
298 2479 460 2511 distincta
486 2480 643 2521 personis
667 2485 697 2511 et
722 2481 937 2523 interpuncta
963 2475 1202 2520 sermonibns';
1230 2483 1433 2526 plerumque
1460 2497 1534 2518 011111
1562 2497 1622 2520 no-

123 2539 251 2572 tatione
277 2537 515 2577 confunditm,
551 2549 627 2570 cum
660 2539 931 2572 consormatione
964 2551 1039 2573 eam
1069 2542 1245 2585 coniungit
1272 2541 1386 2581 Quint.
1416 2544 1482 2580 IX,
1508 2546 1547 2583 2,
1579 2545 1623 2578 29

123 2608 199 2638 sqq.
227 2596 382 2629 fictiones
406 2606 631 2638 personarum
659 2598 794 2630 dicens:
836 2599 878 2630 de
903 2605 1020 2632 nostro
1048 2599 1122 2633 1000
1148 2602 1300 2644 cogitare
1333 2603 1488 2641 videtur,
1520 2615 1621 2644 quom
1644 2598 1649 2602 ’

124 2657 172 2689 ait
195 2649 290 2687 ‘sunt
321 2654 482 2695 quidam,
519 2656 576 2697 qui
610 2656 672 2688 has
698 2657 835 2689 demum
865 2657 1186 2698 προσωποποιιάς
1211 2660 1343 2699 dicant,
1381 2662 1414 2692 in
1441 2662 1566 2702 quibus
1592 2668 1623 2693 ct

124 2722 270 2756 corpora
294 2718 326 2744 et
351 2713 457 2745 verba
482 2713 663 2756 fingimus,
699 2726 874 2748 sermones
911 2716 1085 2749 hominnm
1111 2718 1331 2751 assimulatos
1357 2719 1470 2751 dicere
1496 2714 1621 2750 διαλό-

123 2782 215 2815 γους
248 2771 396 2810 mahmt,
431 2772 522 2812 quod
560 2773 758 2806 Latinorum
791 2774 1131 2816 qnitlam'(lixe1··-nt
1169 2778 1507 2809 sermocinationem:
1557 2788 1620 2820 ego

123 2832 193 2864 iam
218 2835 355 2873 recepto
381 2841 474 2863 more
495 2836 674 2874 utrumqne
700 2834 821 2866 eodem
848 2836 948 2868 modo
975 2836 1168 2879 appellavi:
1196 2847 1270 2867 nam
1298 2842 1387 2867 certe
1409 2847 1520 2868 serino
1540 2838 1622 2879 fingi

124 2899 190 2921 non
215 2893 344 2932 potest,
372 2895 495 2921 utnon
521 2900 689 2932 personae
714 2902 826 2925 sermo
852 2887 1021 2935 fingatnr’,

219 2948 299 2991 205,
329 2955 353 2982 1.
388 2948 547 2992 exemplo
573 2949 637 2982 hoe
663 2952 958 2985 sermocinationis
984 2958 1168 2985 exornatur
1196 2953 1346 2985 narratio
1373 2952 1421 2984 rei
1448 2963 1526 2985 vere
1556 2953 1619 2985 La-
