1907 3166
158 935 178 966 to

202 170 286 212 268
851 171 1058 208 NOTAE.

297 461 361 498 81,
386 466 415 492 8.
449 459 602 492 Elocntio
631 459 740 489 locum
769 463 845 488 ante
880 455 1188 499 pronuntiatiomw
1215 460 1245 487 et
1273 454 1471 487 memoriam
1496 453 1624 487 habere
1648 454 1708 486 de-

203 520 321 551 bebat:
357 526 388 551 at
425 520 453 550 si
483 518 576 550 illam
611 517 708 548 tertio
741 516 826 547 libro
861 515 1074 550 inclusisset,
1109 515 1140 546 in
1169 515 1272 546 nimis
1306 523 1466 556 magnum
1493 512 1652 544 volumen
1678 512 1708 544 is

203 580 386 616 crevisset,
414 583 555 619 quartus
581 583 692 607 autem
723 576 832 607 t'actns
859 580 947 605 esset
975 574 1062 605 insto
1089 574 1237 607 brevior,
1289 571 1353 604 boe
1378 571 1516 612 quidem
1539 570 1709 603 indicatur

204 638 317 669 verbis
339 629 435 677 ειμιίει
459 636 558 679 plui-a
585 635 730 666 dicenda
757 633 984 666 videbantur)
1086 637 1128 664 12.
1154 632 1292 674 prima
1319 639 1514 672 quaeque
1541 630 1562 662 i.
1588 640 1619 662 e.
1646 638 1707 672 po-

203 698 344 728 tissnma
378 702 408 727 et
443 694 672 727 dil'licilltuna.
707 693 752 724 cs.
793 693 838 726 ΙΙ.
878 692 890 724 l
925 694 1004 731 (27,
1034 690 1085 734 7).
1144 695 1185 722 ct
1219 689 1451 721 nobiseum
1480 705 1528 711 --
1553 697 1702 720 conse-

205 766 346 797 quere,
398 754 557 789 similiter
592 753 661 788 Cic.
696 753 782 795 Tap.
817 751 863 784 9⁸.)
889 745 984 782 ‘lutic
1016 750 1134 791 generi
1165 767 1210 772 —
1234 753 1418 791 praecepta
1442 745 1709 789 suppeditantur

208 815 285 847 aliis
313 814 344 844 in
373 813 484 847 libris.
513 822 598 853 quos
625 812 753 854 poteris
773 820 908 842 mecum
938 809 1050 851 legere
1077 818 1178 849 quom
1206 799 1324 838 volcs.⁵
1375 806 1424 838 ad
1450 805 1558 837 lianc
1582 803 1707 836 utili-

205 879 335 904 tatem
370 871 403 902 li.
442 882 471 902 e.
501 871 542 903 ad
572 871 658 903 bane
685 871 914 901 utilissnmatu
947 874 1073 905 artem,
1106 868 1152 899 ait
1186 867 1275 898 euim
1309 867 1338 904 1,
1370 866 1404 897 l:
1431 857 1513 896 ‘non
1542 882 1584 887 —
1611 863 1644 895 itt
1670 873 1708 895 se

207 941 325 974 parum
349 930 476 962 l'ructus
505 922 608 961 babet
631 929 730 971 copia
758 928 894 960 dicendi
918 934 948 959 et
975 926 1199 959 commoditas
1225 925 1415 957 orationis.'
1495 928 1539 956 ut.
1568 926 1706 954 utrum

207 990 354 1033 potins*
379 1006 424 1010 —-
453 989 753 1030 potissumum.
806 988 876 1018 Cic.
896 988 965 1018 lnv.
994 987 1019 1023 1,
1052 985 1090 1018 17
1118 985 1372 1016 distinctionem
1398 983 1447 1015 sic
1474 982 1638 1014 instituit:
1662 975 1705 1014 ‘si

204 1050 316 1080 iuncta
343 1048 404 1078 crit
434 1045 595 1083 (causa),
624 1053 735 1077 utrum
761 1046 802 1076 sit
829 1056 869 1077 ex
899 1045 1059 1088 pluribus
1085 1042 1342 1085 quaestionibus
1368 1043 1480 1073 iuncta
1505 1051 1546 1073 au
1574 1051 1616 1073 ex
1644 1040 1707 1072 ali-

204 1118 268 1148 qua
304 1106 546 1148 conparatione
581 1104 710 1147 (placet
747 1102 996 1139 considerare).
1056 1102 1204 1145 simplex
1232 1107 1300 1139 est,
1337 1111 1424 1142 quae
1453 1099 1648 1143 apsolutum
1674 1100 1706 1131 iu

203 1178 239 1197 se
265 1165 412 1196 continet
439 1174 538 1194 unam
566 1164 801 1204 quaestionem
829 1163 891 1194 linc
922 1163 1041 1194 modo:
1076 1160 1262 1193 Corinthiis
1291 1159 1418 1192 bellum
1446 1159 1638 1191 indicamus
1664 1168 1706 1190 au

204 1226 294 1255 non'!
345 1223 524 1253 coniuncta
558 1233 599 1253 ex
638 1223 794 1266 pluribus
829 1221 1088 1263 quaestismibus
1123 1221 1154 1252 iu
1189 1229 1254 1261 qua
1283 1218 1410 1262 plura
1436 1222 1708 1259 quaeruntur

202 1284 264 1315 linc
293 1289 410 1325 pactoz
442 1288 551 1313 utrum
581 1282 751 1321 Karthago
782 1281 936 1312 diruatur
962 1290 1002 1311 an
1032 1277 1376 1321 Karthaginit-usibus
1407 1275 1571 1308 reddatur
1596 1286 1637 1308 au
1667 1285 1706 1309 eo

202 1342 334 1373 cnlcmia
362 1340 561 1372 deducatur.
614 1351 655 1372 ex
682 1338 949 1382 comparastmw,
978 1339 1009 1370 in
1040 1348 1106 1379 qua
1131 1348 1191 1380 per
1213 1337 1477 1374 contentionem,
1505 1341 1618 1369 utrum
1646 1346 1706 1379 po—

202 1402 268 1432 tins·
302 1407 371 1431 aut
408 1399 509 1440 quid
550 1399 829 1441 potissimum
864 1397 939 1430 sit.
973 1397 1165 1438 ιμιιιιϊίῑιιτ,
1201 1396 1243 1427 ad
1279 1395 1368 1427 bunc
1401 1394 1560 1427 modum:
1595 1399 1707 1426 utrum

202 1460 373 1492 exercitus
407 1459 439 1490 in
478 1457 713 1489 Macedoniam
746 1462 862 1487 contra
896 1455 1093 1498 Philippum
1124 1455 1276 1487 mittatur
1312 1472 1357 1478 —
1395 1464 1437 1486 an
1479 1457 1634 1486 teneatur
1674 1453 1707 1485 iu

202 1519 321 1551 ltalia.'
373 1518 456 1550 ordo
481 1517 644 1548 confusus
673 1515 718 1546 ita
747 1516 975 1547 restituendus
997 1522 1066 1549 est.
1095 1521 1128 1546 ut
1151 1507 1344 1557 legatur‘in
1366 1524 1432 1555 qua
1453 1513 1536 1554 quid
1556 1513 1707 1556 potissu-

201 1589 291 1610 mum
317 1578 359 1609 sit
389 1576 573 1617 quaeritur
601 1581 631 1606 et
654 1568 780 1605 utrum
808 1575 922 1617 potius
948 1575 1009 1612 sit,
1038 1575 1237 1615 qnaeritutff
1287 1573 1416 1616 duplex
1447 1571 1602 1613 quaestio
1627 1581 1707 1614 pro-

201 1637 338 1679 punitur
364 1648 392 1667 e.
424 1647 457 1677 g.
480 1642 560 1677 aput
588 1633 762 1665 llemostlt.
791 1633 870 1669 XX,
898 1634 940 1667 5·
967 1632 1093 1675 triplex
1121 1638 1202 1674 aput
1229 1632 1299 1664 Cic.
1329 1631 1370 1663 de
1397 1640 1494 1674 prov.
1522 1640 1616 1665 cons.
1644 1630 1703 1662 17:

210 1702 320 1727 utinm
349 1695 436 1726 dua-tc
465 1693 596 1725 Galliae
623 1692 858 1724 decer-tundat:
885 1692 951 1722 sint
979 1701 1022 1722 an
1049 1691 1155 1723 alteia
1182 1690 1293 1723 Gallia
1320 1700 1397 1722 cum
1424 1689 1526 1732 Syria
1551 1695 1608 1722 aut
1635 1690 1706 1722 Ma-

201 1754 344 1786 cedonit
371 1763 411 1784 an
440 1757 578 1787 uenti-i,
612 1756 660 1782 set
688 1756 830 1790 utraque
858 1749 880 1781 t*
886 1749 994 1780 ¹tesari
1022 1748 1271 1789 relinquenda’
1300 1749 1357 1790 qui
1383 1749 1463 1781 huic
1492 1748 1705 1787 invidebant,

201 1824 261 1845 nec
296 1818 406 1844 tamen
443 1811 611 1843 deducere
653 1809 844 1845 audebant,
886 1814 942 1839 aut
977 1807 1172 1840 ulteriorem
1209 1807 1355 1839 Galliam
1390 1807 1618 1841 decernebant
1649 1811 1707 1840 aut

200 1872 392 1904 citeriorem
420 1868 514 1911 (36).
1586 1894 1589 1898 ,

293 1929 355 1965 82,
387 1937 414 1961 ci.
454 1928 658 1969 captivos
685 1944 732 1948 —
759 1924 950 1956 redimat.
984 1923 1028 1956 cf.
1061 1925 1131 1956 Cic.
1160 1924 1201 1956 de
1227 1924 1285 1956 off.
1315 1924 1382 1962 ΙΙΙ,
1407 1923 1454 1956 99
1479 1934 1531 1965 sq.
1582 1923 1706 1967 Reguli

201 1989 372 2020 dissuasio
396 1987 619 2030 significatur.
648 2004 695 2008 —
743 1990 770 2015 o.
807 1982 924 2014 bello
955 1983 1108 2015 ltalico
1139 1994 1180 2015 ex
1209 1983 1371 2016 inferiore
1396 1993 1497 2016 versu
1525 1981 1605 2024 (13)
1631 1982 1707 2015 illa-

201 2054 270 2079 tum
298 2046 485 2078 tollendum
515 2046 627 2087 potius
654 2044 834 2080 duximus,
859 2053 945 2083 quae
968 2043 1135 2075 sententia
1153 2042 1271 2074 (lrellii
1293 2042 1487 2084 Halmiiqne
1505 2047 1575 2083 est,
1603 2052 1706 2084 quam

201 2106 419 2138 scribendum
447 2114 523 2135 cnm
553 2103 683 2135 Klotzio
699 2097 805 2134 ‘bello
825 2102 996 2134 I'ocnico.'
1097 2108 1139 2136 16,
1169 2102 1269 2134 malis
1289 2095 1348 2134 ‘ex
1369 2112 1410 2134 ea
1429 2102 1557 2134 eausa.'
1593 2101 1706 2134 erint

202 2165 258 2196 ubi
289 2165 330 2206 p¹
366 2164 452 2196 banc
483 2163 593 2206 ipsam
629 2161 806 2193 lectionem
838 2160 956 2199 offert,
989 2161 1009 2192 Ιι
1034 2154 1124 2193 ‘erit’
1161 2161 1281 2198 habet,
1315 2160 1392 2203 (qui
1419 2161 1450 2199 Ι,
1483 2159 1523 2193 10
1547 2159 1707 2204 praebuit

196 2216 327 2263 ‘erint')
353 2223 426 2254 ausi
454 2231 572 2253 sumus
600 2221 764 2263 recipere.
816 2218 861 2251 ef.
888 2219 1029 2253 Laelun.
1055 2219 1097 2251 ad
1127 2218 1200 2251 Gai.
1230 2220 1256 2257 Ι,
1293 2218 1370 2252 146.
1396 2237 1443 2241 —
1492 2225 1536 2251 17.
1561 2228 1705 2252 omnes

202 2282 395 2313 rationes
423 2289 462 2312 eo
490 2289 592 2311 sensu
618 2278 652 2312 h.
683 2279 703 2310 l.
725 2283 911 2321 usurpatur
938 2284 971 2309 ut
992 2278 1051 2316 lV,
1079 2278 1124 2311 24
1149 2275 1264 2319 (init.)
1281 2279 1325 2311 52
1344 2276 1487 2319 (med).
1563 2284 1605 2311 18.
1632 2288 1705 2311 eos

201 2339 425 2376 correximus,
455 2348 493 2370 ae
511 2337 748 2379 separavimus
776 2337 970 2370 distinctius
989 2348 1007 2369 a
1027 2336 1287 2379 superioribus;
1313 2336 1453 2369 offendit
1481 2336 1585 2374 enim,
1613 2336 1706 2378 quod

203 2398 304 2440 volgo
331 2397 472 2438 legitur:
495 2389 645 2427 ‘omnem
673 2396 859 2428 orationem
886 2406 1023 2438 corum,
1051 2395 1107 2436 qni
1134 2396 1336 2427 senteutiam
1362 2395 1488 2434 dicent,
1515 2394 1616 2427 finem
1637 2394 1705 2426 sibi

202 2455 381 2488 conveniet
413 2454 569 2486 utilitatis
604 2447 806 2497 proponere'
839 2461 872 2486 ut
903 2455 1047 2487 orationi
1074 2455 1161 2498 ipsi,
1196 2463 1261 2485 non
1289 2455 1414 2486 oratori
1441 2453 1621 2486 eonsilium
1645 2453 1706 2486 tri—

200 2515 338 2546 buatur:
367 2513 510 2544 alterum
539 2512 791 2544 incommodum
815 2523 856 2543 ex
884 2522 922 2543 ea
950 2512 1094 2544 lectione
1120 2513 1271 2544 nascitur
1296 2512 1424 2545 additis
1450 2506 1502 2544 ‘ut
1527 2513 1638 2545 omnis
1663 2522 1703 2545 eo

200 2573 303 2604 totius
327 2571 491 2603 orationis
515 2570 601 2601 ratio
629 2570 847 2602 conferatur?

293 2629 350 2668 83,
371 2636 399 2660 3.
427 2627 603 2660 utilitas
629 2629 669 2659 in
697 2628 802 2660 duas
826 2628 1032 2670 partis—
1052 2627 1275 2660 dividitur
1300 2634 1433 2661 tutam
1460 2629 1701 2662 honestam.

199 2688 304 2721 aliam
340 2688 411 2722 Cic.
445 2687 612 2720 rationem
643 2687 719 2718 iniit
751 2687 823 2718 Inv.
851 2687 900 2725 ll,
934 2686 1019 2725 157,
1048 2695 1113 2718 non
1141 2686 1317 2729 subiungit
1345 2685 1524 2720 honestum
1550 2688 1703 2728 utilitati,

200 2752 251 2779 set
277 2746 342 2778 tria
366 2755 496 2789 genera
522 2755 634 2777 rerum
661 2745 931 2788 expetendarum
960 2745 1073 2787 ponit:
1102 2745 1283 2777 honestum
1314 2744 1398 2777 utile
1429 2750 1461 2778 et
1494 2747 1631 2778 tertium
1660 2757 1704 2779 ex

200 2805 321 2838 horum
355 2804 509 2848 partibus
543 2803 712 2841 iunctum,
747 2808 783 2834 ut
816 2797 982 2835 ‘amicitia
1007 2804 1097 2836 bona
1125 2804 1355 2836 existumatio'
1386 2803 1560 2837 laudabile
1585 2805 1701 2848 igitur,

201 2874 282 2906 pars
307 2868 389 2906 aput
416 2862 545 2896 Cornif.
571 2862 705 2894 honesti
730 2871 805 2894 cum
831 2862 896 2894 boc
922 2863 1021 2896 tertio
1047 2863 1216 2895 convenit.
1267 2862 1359 2895 idem
1383 2863 1472 2895 Part.
1499 2862 1545 2897 95
1571 2863 1614 2895 ab
1636 2864 1703 2895 uti-

201 2922 294 2955 litate
327 2926 465 2964 separat
498 2920 671 2953 efficiendi
702 2921 890 2959 rationem,
918 2915 998 2963 ‘quo
1030 2927 1098 2954 toto
1132 2931 1257 2965 genere
1291 2922 1494 2963 quibuscum
1529 2926 1562 2954 et
1585 2927 1703 2954 contra
