1907 3166
240 153 323 193 236
888 156 1105 192 NOTAE.

241 266 342 297 inulta
371 267 411 297 de
439 277 558 297 rausa:
594 274 689 299 extra
725 277 861 298 causam
901 268 1001 298 etiam
1030 268 1131 299 nimis
1164 267 1308 299 fortasse
1335 269 1449 300 mnlta'
1477 267 1570 310 (92).
1622 279 1662 302 eo
1688 254 1739 302 re—

239 325 389 367 spit-iens
417 324 559 355 ridicule
591 325 710 367 ineptit
745 325 953 357 (let-laniator
982 326 1023 357 cle
1055 326 1155 358 domo
1183 324 1266 368 (32)
1309 326 1511 369 ‘intellego‚
1547 327 1738 369 pontifices,

241 394 291 414 ine
318 384 414 425 plura
442 389 538 414 extra
565 394 703 414 t'ttnsnnt
732 384 883 418 dixisse,
913 394 1012 424 quain
1041 390 1097 415 aut
1125 385 1242 427 opinio
1265 385 1378 417 tulerit
1396 390 1454 416 aut
1473 384 1631 417 voluntas
1650 395 1738 423 mea,

240 448 287 471 sot
317 441 380 472 hoc
408 441 626 484 t-onpcnsubo
656 441 820 473 brevitati·
848 443 921 473 eius
948 443 1131 477 orationis,
1167 453 1254 483 quae
1281 443 1426 485 pertinet
1451 443 1495 475 ad
1521 443 1631 486 ipsam
1657 453 1738 487 cog—

240 500 401 531 nitionem
429 501 600 531 vestram?
654 500 744 541 qnod
765 506 875 532 anti-in
904 501 1178 532 vomunt-tionem
1196 501 1475 533 constitutionum
1494 501 1623 539 attinet,
1650 501 1737 533 inul-

239 564 291 588 tus
318 565 365 589 est
394 559 424 589 in
453 570 491 589 va
517 559 721 601 expono-ntia
751 560 980 600 Hermogenes
1007 569 1044 590 π.
1074 567 1178 591 omo.
1205 560 1261 596 22,
1286 559 1308 591 4
1334 570 1409 600 sqq.
1439 558 1504 598 33,
1533 559 1548 591 l
1577 570 1652 601 sqq.
1680 559 1738 598 38,

245 616 283 647 ll)
308 628 382 656 sqq.
407 622 471 647 etv.
600 624 646 652 2⁰.
675 624 716 649 ut
743 628 907 651 omni-s,
944 623 975 647 ut
1018 617 1203 659 proposui,
1241 622 1293 649 est
1332 618 1364 648 in
1404 617 1510 650 simili
1541 617 1615 651 loco
1649 617 1739 651 infra

241 676 303 708 lll.
335 675 387 708 15.
447 676 487 705 ‘si
515 677 699 717 separatim
734 676 816 707 lun-t·
845 685 947 706 rausa
972 676 1082 706 minus
1108 685 1212 717 saepe
1241 680 1418 714 tractatur,
1451 682 1484 707 at
1509 677 1540 708 in
1569 676 1739 709 iudiciali-

239 734 300 763 bus
330 740 359 764 ‹·t
394 734 426 764 in
456 733 689 766 deliberativis
720 735 834 765 vair-is·
868 743 972 775 saepo
1005 743 1147 775 mugnan-
1183 740 1298 776 partes
1332 740 1510 766 vorsantur
1536 735 1648 768 laudis
1682 740 1739 767 aut

237 792 521 834 vituperationis)

330 851 394 884 26,
421 856 449 883 4.
490 851 523 881 si
563 861 641 891 qno
676 850 842 881 tui-‹lins-
883 850 965 880 bon«-
1005 856 1117 881 tut·tur
1151 849 1246 880 llnltn
1283 850 1378 882 Anal.
1415 851 1506 885 Tull.
1543 852 1561 883 7
1599 851 1736 884 laudato

239 909 402 950 l‘ompon.
432 908 509 951 hig,
543 910 565 941 l.
592 910 626 942 2,
657 909 691 942 l,
719 901 833 940 2531·
861 907 975 948 aliquo
1005 908 1120 950 plures
1145 901 1318 940 lntbcrent’
1345 915 1375 940 et
1406 909 1541 952 Ulpian,
1574 910 1619 942 ib.
1638 910 1734 947 XIX,

235 969 268 1003 2,
299 966 350 1001 ll,
379 970 400 998 2
421 960 477 998 ‘ne
504 966 618 1007 aliquo
646 967 795 998 (leterius
825 959 946 999 tau-ias,

327 1430 383 1467 27,
410 1436 437 1460 2.
476 1429 513 1459 in
551 1428 714 1468 quibus
748 1428 947 1469 partibus
981 1426 1163 1458 officiis
1197 1427 1320 1458 artis.
1373 1425 1435 1456 liat·
1465 1424 1607 1458 lectione
1634 1432 1733 1467 optu-

232 1498 361 1519 mornrn
383 1487 482 1518 votltl.
505 1487 721 1527 coniungitur
747 1496 821 1516 vtun
848 1485 1071 1517 Ctn·nilit·iana
1095 1484 1326 1527 appellatione
1344 1475 1491 1515 ‘officiis’
1511 1483 1733 1515 Ciceroniana

232 1547 400 1589 ‘partibus
425 1546 516 1577 :ti-tis'
543 1545 634 1583 (lnv.
665 1544 689 1580 1,
716 1543 767 1578 9).
828 1543 957 1577 Cornil'.
992 1549 1024 1574 ut
1060 1553 1165 1585 supra
1199 1544 1224 1579 1,
1259 1541 1294 1580 3,
1320 1553 1371 1582 sq.
1400 1541 1442 1573 (le
1474 1542 1608 1578 causis,
1646 1551 1732 1581 quas

232 1611 343 1635 orator
372 1604 525 1645 recipere
555 1602 676 1634 debeat
704 1608 735 1633 et
762 1602 804 1632 do
833 1601 957 1633 officiis
983 1602 1128 1633 oratoris
1154 1601 1312 1641 loquitur.
1433 1605 1460 1631 8.
1495 1608 1731 1631 causarum

232 1662 314 1693 tria
340 1672 504 1703 genera
528 1666 638 1693 sunt.
692 1659 779 1690 male
805 1659 888 1691 linet·
926 1660 958 1689 in
985 1659 1194 1690 editionibus
1220 1663 1423 1700 separantur
1446 1662 1477 1688 et
1503 1655 1605 1698 plena
1631 1658 1732 1689 iuter—

235 1719 415 1761 punctione
442 1724 473 1750 et
503 1720 631 1751 maiore
664 1718 842 1750 intervallo
880 1727 899 1748 a
933 1716 1045 1748 verbis
1078 1716 1376 1754 antecedentibus,
1412 1714 1614 1756 quibuscum
1641 1720 1731 1747 arcto

231 1775 427 1810 cohaerent.
479 1776 523 1808 ait
546 1778 708 1820 seriptor:
737 1776 779 1808 de
804 1776 918 1806 causis
944 1781 973 1806 et
1001 1774 1125 1806 officiis
1153 1774 1310 1807 omnibus
1333 1783 1398 1806 non
1426 1778 1537 1816 potest
1561 1783 1629 1806 uuo
1648 1779 1731 1806 tem-

233 1844 315 1877 port=
340 1835 414 1876 agi,
451 1834 554 1876 igitur
591 1834 809 1866 diflicilluma
834 1834 1063 1875 potissumum
1089 1832 1122 1864 h.
1152 1843 1182 1867 e.
1212 1833 1323 1874 primo
1350 1832 1423 1863 loco
1451 1836 1651 1863 tractemus:
1687 1843 1729 1864 ex

232 1893 346 1925 causis
374 1899 486 1924 antem
513 1891 729 1923 ‹lil'tivillnma
761 1899 809 1923 est
846 1890 1035 1928 iudicialis,
1068 1900 1110 1922 ex
1141 1890 1264 1922 officiis
1289 1889 1544 1921 difficillumum
1568 1891 1728 1924 inventio.

233 1958 275 1983 ιο.
321 1950 399 1981 hot·
442 1957 481 1980 (τι
517 1951 665 1992 priore
697 1950 834 1984 iibro,
902 1949 1164 1990 ineptissumum
1188 1953 1257 1987 est,
1298 1948 1390 1989 quod
1427 1949 1477 1980 sie
1502 1949 1617 1991 priore
1643 1949 1730 1982 libro

232 2010 313 2041 dit-it
339 2020 374 2040 se
401 2009 436 2040 id
462 2010 594 2051 egisse,
633 2016 667 2040 ut
694 2009 887 2040 absolveret
909 2017 1018 2051 genus
1052 2005 1232 2044 iudiciale,
1271 2005 1362 2047 quod
1390 2005 1456 2039 hoc
1481 2007 1618 2040 demum
1643 2008 1730 2040 libro

231 2067 439 2100 absolvetur.
491 2067 621 2109 duplex
649 2067 865 2109 interpolatio
889 2068 923 2099 in
950 2066 1176 2099 deterioribus
1204 2064 1304 2098 codd.
1333 2070 1365 2096 et
1388 2064 1467 2097 edd.
1502 2064 1594 2098 huno
1618 2065 1730 2099 locum

231 2127 384 2161 obsedit.
414 2126 564 2168 simplex
586 2126 618 2157 iu
644 2125 863 2157 melioribus:
895 2126 980 2158 haec
1005 2130 1137 2157 constat
1165 2123 1280 2155 verbis
1305 2124 1350 2155 ‘et
1373 2123 1498 2165 priore’
1524 2123 1643 2166 genuit
1669 2134 1730 2156 au-

232 2193 298 2218 tem
323 2185 545 2217 recentiorem
575 2177 723 2227 ‘egimus
750 2193 851 2224 quom
876 2200 920 2205 —·
948 2186 1170 2213 tractaremus
1198 2173 1366 2222 quorum.'
1416 2181 1503 2213 illud
1526 2174 1659 2224 ‘priore
1687 2182 1728 2214 li-

230 2237 299 2276 bro'
326 2250 503 2286 praeterea
538 2249 654 2273 contra
689 2252 789 2274 usum
822 2241 1000 2283 scriptoris
1033 2245 1100 2277 est,
1135 2238 1217 2270 alibi
1250 2238 1448 2280 usurpantis
1478 2232 1604 2281 ‘primo
1630 2234 1728 2272 libro'

229 2302 289 2345 (11,
317 2303 348 2339 1,
378 2302 435 2336 26.
465 2302 524 2340 111,
552 2299 634 2342 16);
662 2299 768 2332 altera
794 2300 1012 2342 interpolatio
1038 2297 1187 2334 mendax
1211 2302 1279 2329 est:
1309 2296 1351 2328 de
1377 2297 1526 2337 quinque
1545 2297 1635 2329 enim
1653 2298 1729 2330 offi-

229 2361 290 2392 ciis
317 2359 467 2391 nondum
493 2359 563 2400 egit
583 2357 618 2393 C.
648 2364 697 2390 set
723 2364 800 2401 aget
827 2359 860 2390 in
882 2358 947 2390 hoc
971 2358 1175 2397 relicuisque
1201 2356 1309 2388 libris.
1346 2355 1486 2387 resectis
1508 2355 1582 2387 istis
1605 2357 1728 2398 pannis

230 2419 296 2449 iarn
328 2423 419 2459 patet
445 2417 656 2458 comparatio
685 2426 809 2448 causae
845 2416 1047 2449 iuridicialis
1085 2420 1116 2447 et
1150 2414 1374 2446 inventionis:
1416 2412 1510 2446 illam
1545 2413 1612 2448 hoo
1641 2413 1727 2446 libro

228 2474 400 2511 absolvet,
427 2474 511 2506 haec
537 2484 671 2515 quoque
700 2475 761 2506 erit
787 2473 851 2505 hoc
879 2474 966 2506 libro
997 2473 1248 2516 propemodum
1274 2472 1450 2510 absoluta3
1485 2481 1614 2514 parvae
1638 2472 1728 2504 enim

228 2538 342 2575 partes
368 2531 546 2563 Cornificio
573 2532 731 2564 videntur
756 2542 864 2574 genus
890 2532 1152 2564 deliberativum
1177 2535 1209 2563 et
1234 2530 1557 2569 demonstrativum,
1581 2540 1669 2571 quae
1694 2531 1728 2562 in

227 2592 364 2623 tertium
384 2590 545 2622 volumen
569 2589 828 2622 transferentur.

323 2647 381 2687 28,
407 2653 435 2679 2.
465 2648 505 2678 in
537 2648 676 2689 primo
709 2647 824 2678 libro
859 2645 977 2677 inutile
1003 2645 1273 2678 additamentum
1300 2650 1369 2684 est,
1402 2645 1518 2677 verbis
1543 2647 1632 2678 enim
1654 2639 1727 2679 ‘ubi

228 2725 273 2731 —
303 2698 503 2749 incepimus'
531 2705 615 2737 satis
642 2705 810 2736 indicatur
837 2703 944 2735 locus.
1048 2710 1075 2736 7.
1105 2709 1145 2734 et
1170 2707 1338 2745 partem
1363 2704 1724 2738 constitutionis.

229 2765 321 2807 quod
346 2764 450 2807 volgo
479 2764 604 2806 legitur
629 2755 675 2794 ‘et
707 2767 823 2804 partes
858 2753 976 2794 const.'
1035 2760 1206 2802 significat
1237 2762 1271 2792 in
1306 2770 1374 2793 una
1399 2771 1504 2793 causa
1523 2761 1727 2804 plerumque

228 2824 345 2867 plures
364 2828 479 2866 partes
502 2827 608 2854 status
628 2821 786 2858 inveniri,
814 2819 907 2860 quod
932 2824 964 2850 et
988 2823 1128 2850 naturae
1153 2828 1266 2850 rerum
1285 2824 1318 2851 et
1338 2820 1517 2862 scriptoris
1538 2819 1727 2851 sententiae

227 2881 431 2925 refragatur.
539 2887 567 2913 9.
595 2889 676 2921 qua
702 2879 884 2910 inventa
906 2895 954 2899 —
978 2876 1248 2909 conferatur.
1300 2878 1335 2908 in
1359 2878 1425 2910 hoc
1450 2878 1546 2910 brevi
1570 2877 1727 2920 superio—
