1923 3182
824 181 1036 218 NOTAE.
1532 219 1538 223 ,
1602 175 1686 217 299

183 293 393 337 appellet.
457 293 506 325 sic
536 292 621 324 haec
656 303 745 325 nnnc
771 294 1026 326 conformamus
1059 293 1161 325 valde
1195 298 1356 335 corrupta
1385 293 1489 325 etiam
1520 293 1554 324 in
1586 297 1686 335 optu-

182 353 248 385 mis
282 352 400 390 libris3
442 353 475 383 in
509 352 632 393 quibus
669 362 697 383 π
729 348 868 392 saltem,
909 353 992 394 qnid
1024 352 1192 384 sententia
1222 351 1394 394 postulet,
1431 351 1559 383 indicat
1592 352 1684 383 istis:

179 405 242 444 ‘ita
266 416 302 443 ut
327 412 540 443 inventorem
569 421 630 453 pro
664 422 701 443 re
727 405 841 454 ponat’
869 411 1122 452 requiriturqne
1149 410 1213 441 hoc
1246 410 1352 441 altero
1378 420 1504 452 genere
1531 410 1686 442 denomi-

182 470 330 502 nationis
350 462 423 501 ‘aut
449 471 673 502 instrumento
701 463 883 508 dominns'‚
912 461 1133 512 (dominum’
1161 469 1251 500 enim
1275 473 1311 499 ut
1343 469 1567 507 scriberetur,
1606 479 1686 512 pro-

182 529 302 572 pinqui
343 528 531 560 accusativi
576 527 778 568 effecerunt)
826 533 1006 571 praeterea
1047 528 1225 569 ignorasse
1267 527 1402 558 videtur
1443 526 1573 562 Cornif.
1616 527 1686 560 for<

182 598 272 619 mam
293 586 406 619 adhuc
432 597 451 618 a
478 586 590 624 Quint.
619 587 711 628 VIII,
734 587 768 625 6,
799 588 843 619 24
870 586 1118 629 improbatam,
1141 590 1172 616 et
1199 595 1301 625 quam
1329 584 1447 617 Cicero
1473 595 1515 618 ne
1538 596 1687 618 comme-

182 645 328 677 moravit
360 645 517 686 quidemn
554 655 631 677 nam
663 646 705 677 de
740 655 789 679 or.
818 646 881 679 ΙΙΙ,
918 644 982 677 167
1010 645 1073 676 ait:
1106 637 1237 686 ‘gravis
1272 648 1323 676 est
1350 644 1471 677 modus
1505 645 1536 676 in
1566 651 1685 677 ornatu

183 703 347 736 orationis
370 708 402 735 et
424 713 529 745 saepe
555 703 761 742 sumendus,
789 713 833 735 ex
858 713 923 744 quo
950 712 1077 745 genere
1101 701 1188 733 haec
1211 706 1308 734 sunt:
1335 701 1477 734 Martem
1506 703 1588 735 belli
1611 714 1687 736 esse

182 771 418 800 communem,
447 760 604 793 Cererem
631 771 693 804 pro
712 761 892 804 frugibus,
922 761 1083 793 Liberum
1110 760 1289 803 appellare
1312 770 1373 803 pro
1397 754 1488 793 vino'
1511 772 1594 805 ergo
1620 773 1687 794 non

175 813 311 863 ‘fruges
336 829 399 863 pro
427 818 565 860 Cerere,
591 820 708 851 vinnm
733 830 794 863 pro
818 813 966 858 LIbero',
1001 820 1093 860 quod
1124 825 1206 862 aput
1234 819 1464 852 Cocondrinm
1491 821 1582 859 VIII,
1618 822 1686 854 786

182 878 332 918 demum,
362 877 486 921 Georg.
508 877 677 910 Choerob.
701 878 770 910 812
800 883 832 910 et
855 880 1074 919 Anonymum
1092 879 1174 917 717,
1202 878 1334 910 Bedam
1361 878 1508 920 denique
1535 879 1604 912 380
1631 880 1684 914 ed.

183 936 376 980 Capperon.
401 936 591 974 invenitur,
616 946 694 968 nam
719 936 916 980 Tryphonis
944 935 1012 969 739
1041 946 1106 968 non
1133 947 1209 968 esse
1235 937 1340 968 verba
1366 929 1392 978 ἢ
1423 929 1500 969 ἀπὸ
1528 936 1604 969 ταῖν
1630 932 1687 970 εὑ-

183 988 330 1035 ρόντων
364 1012 412 1017 —
449 987 660 1036 ὑπέρτατος
694 995 797 1027 totius
838 997 858 1036 §
898 995 1142 1038 contemplatio
1178 995 1288 1027 docet.
1349 1003 1526 1038 peccatum
1565 997 1688 1029 identi-

183 1053 261 1085 dem
291 1054 402 1086 estin
434 1058 549 1086 nostro
583 1053 657 1086 loco
692 1054 861 1086 addendis
893 1054 1232 1096 praepositionibus,
1272 1065 1359 1095 qnae
1391 1064 1456 1086 non
1492 1055 1690 1088 viderentur

183 1111 307 1144 abesse
325 1122 448 1155 posse;
475 1105 639 1155 at‘signo
663 1105 884 1155 intellegitur’
909 1112 1000 1144 infra
1025 1118 1077 1145 est
1103 1113 1179 1149 175,
1207 1114 1247 1151 2,
1275 1118 1305 1145 ct
1331 1107 1568 1156 ‘significatur'
1597 1114 1687 1156 quod

183 1180 246 1213 pro
268 1164 469 1203 ‘conficitur'
496 1172 715 1214 reposuimus
749 1171 834 1210 172,
872 1170 914 1204 16
942 1171 1046 1203 verbo
1079 1172 1231 1204 minume
1258 1178 1358 1215 apto,
1393 1174 1686 1215 praepositionem

183 1231 241 1263 vix
266 1230 433 1269 admittit3
459 1240 526 1271 qua
547 1241 584 1262 re
606 1235 799 1263 constanter
825 1230 938 1263 deleta
961 1237 1030 1269 cst,
1057 1231 1106 1264 sic
1133 1231 1307 1274 descripta
1332 1232 1440 1264 serie:
1471 1225 1543 1264 ‘ant
1568 1233 1686 1264 inven-

181 1292 253 1320 tore
280 1287 454 1320 inventum
481 1287 697 1331 significatur
721 1307 767 1312 —-
799 1294 856 1320 aut
888 1290 1112 1322 instrumento
1148 1289 1307 1322 dominus
1338 1308 1385 1312 —
1412 1295 1468 1321 aut
1502 1291 1558 1331 id,
1597 1291 1688 1331 quod

183 1345 218 1378 fit
244 1357 303 1385 eo,
330 1346 422 1388 quod
443 1346 525 1379 facit
550 1365 598 1370 -
623 1353 680 1379 aut
704 1348 741 1379 id
765 1348 857 1388 quod
883 1347 964 1380 facit
991 1357 1049 1386 eo,
1084 1348 1176 1389 qnod
1210 1348 1243 1379 fit
1268 1366 1315 1371 —-
1340 1353 1397 1380 aut
1425 1358 1463 1380 eo
1491 1350 1581 1390 quod
1608 1360 1688 1382 con-

183 1405 266 1437 tinet
290 1405 344 1446 id,
373 1406 466 1446 quod
491 1407 684 1438 continetur
707 1424 754 1429 —
776 1412 833 1438 aut
857 1416 916 1448 eo,
953 1406 1046 1447 quod
1081 1407 1290 1445 continetur,
1326 1407 1362 1439 id
1396 1408 1488 1448 quod
1513 1409 1684 1441 continct’.

183 1465 241 1506 qui
266 1464 352 1497 haee
375 1464 424 1496 ita
448 1464 630 1498 cohaerere
656 1475 722 1498 non
747 1466 906 1505 sentiret,
934 1466 1070 1497 intrusit
1092 1458 1403 1498 ‘denominabitur’.

278 1523 357 1562 173,
383 1529 412 1558 3.
442 1528 512 1555 aut
537 1524 652 1556 idem
681 1524 798 1556 addito
828 1524 1032 1567 pronomine
1059 1530 1187 1556 certum
1211 1524 1381 1565 quendam
1408 1524 1611 1556 historicum
1636 1536 1688 1557 re-

182 1582 272 1625 spici
297 1581 480 1614 indicatur.
577 1590 606 1614 4.
630 1584 824 1617 materis.
854 1582 898 1615 cf.
927 1582 1014 1615 Non.
1043 1583 1169 1621 XVIII,
1196 1582 1252 1615 26.
1351 1590 1378 1615 7.
1403 1588 1474 1614 aut
1507 1584 1543 1615 si
1577 1584 1689 1624 quod

182 1640 290 1673 facit
323 1650 388 1679 eo,
424 1641 536 1681 quod
570 1640 635 1673 fit.
695 1640 862 1673 Cocondr.
895 1642 995 1680 VIII,
1030 1640 1096 1674 787
1125 1642 1268 1673 eandem
1293 1642 1376 1673 dicit
1402 1642 1690 1674 denominationis

183 1698 347 1732 formam:
378 1691 457 1730 ἀπὸ
484 1692 526 1730 δὲ
552 1697 622 1730 τοῦ
645 1693 862 1742 πάσχοντος
890 1694 931 1731 τὸ
959 1697 1159 1741 διακρῖναι
1186 1693 1236 1737 ὠς
1262 1694 1304 1731 τὸ
1328 1693 1491 1742 “χλωρὸν
1517 1696 1602 1737 δέος
1624 1697 1689 1731 καὶ

182 1750 350 1798 πόλεμον
376 1750 626 1799 πολύδακρυν
651 1754 716 1790 καὶ
741 1752 980 1800 μαινόμενον
1003 1751 1208 1790 Διόνυσον’
1231 1759 1336 1791 immo
1362 1752 1404 1790 τὸ
1430 1756 1584 1798 ποιοῦν,
1611 1770 1689 1791 nam

182 1813 381 1857 διακρῖναι
407 1826 451 1847 ex
476 1815 699 1849 inferioribus
725 1810 825 1848 πολύ
849 1835 896 1839 -
922 1814 1071 1858 δακρυν
1097 1812 1162 1848 καὶ
1189 1822 1305 1848 natum
1325 1827 1401 1849 esse
1430 1817 1565 1849 videtur
1591 1819 1689 1851 aber-

182 1873 336 1907 rantibus
362 1873 493 1905 librarii
521 1874 643 1910 oculis.
695 1875 894 1918 exemplum
918 1875 1080 1907 Latinum
1103 1875 1183 1908 vide
1210 1874 1279 1907 Cic.
1313 1876 1355 1908 de
1379 1886 1478 1920 prov.
1507 1886 1603 1911 cons.
1635 1877 1688 1910 13.

182 1938 210 1965 9.
239 1942 287 1965 eo
310 1932 421 1973 quod
446 1933 653 1965 continet.
705 1932 752 1966 cf.
781 1934 904 1965 iterum
932 1933 1101 1966 Cocondr.
1130 1933 1212 1968 786.

279 1991 359 2030 174,
387 1997 415 2026 5.
452 1991 585 2034 plena
617 1992 889 2023 consuetudo
915 2010 961 2015 —
988 1993 1405 2025 denominationum.
1456 1993 1542 2025 haec
1569 1993 1693 2026 idonea

183 2055 235 2084 est
258 2060 383 2090 causa,
409 2060 468 2083 cur
493 2050 652 2093 pluribus
678 2050 864 2083 afferendis
891 2051 1063 2093 exemplis
1089 2051 1389 2094 supersedeamus.
1478 2058 1505 2084 8.
1534 2053 1693 2084 circui-

180 2111 240 2142 tio
267 2120 287 2142 a
311 2109 383 2142 Cic.
413 2109 455 2141 de
480 2119 529 2142 or.
557 2110 616 2149 ΙΙΙ,
644 2110 712 2143 207
738 2115 878 2142 vocatur
904 2110 1188 2152 circumscriptio.
1219 2109 1334 2148 Quint.
1358 2111 1450 2149 VIII,
1478 2110 1512 2149 6,
1541 2110 1586 2143 59
1607 2111 1692 2143 haec

182 2168 303 2201 habet:
332 2161 518 2210 ‘quidquid
537 2186 584 2191 —-
616 2168 808 2212 significari
836 2169 977 2202 brevius
1004 2174 1119 2212 potest
1142 2174 1173 2200 et
1199 2179 1276 2200 curn
1302 2175 1422 2200 ornatu
1448 2168 1551 2201 latius
1578 2175 1688 2202 osten-

183 2227 286 2268 ditur,
316 2225 547 2269 περίφρασις
572 2234 640 2259 est:
679 2228 733 2260 cui
758 2238 882 2260 nomen
904 2228 1024 2260 Latine
1052 2228 1168 2260 datum
1195 2233 1245 2260 est
1271 2237 1337 2259 non
1362 2237 1445 2260 sane
1476 2233 1595 2270 aptum
1617 2238 1686 2260 ora-

182 2287 286 2319 tionis
317 2287 436 2318 virtuti
466 2287 737 2319 circumlocutio.
796 2298 917 2320 verum
947 2287 1032 2327 hoc,
1064 2292 1100 2318 ut
1134 2297 1212 2319 cum
1244 2287 1405 2319 decorem
1435 2286 1556 2326 habet,
1588 2286 1693 2330 περί-

185 2353 342 2387 φρασις,
380 2345 428 2377 ita
460 2355 538 2377 cum
571 2345 607 2376 in
640 2345 762 2377 vitium
786 2345 925 2384 incidit,
968 2343 1238 2387 περισσολογιά
1265 2345 1408 2386 dicitur,
1450 2346 1562 2377 obstat
1587 2347 1691 2386 enim,

184 2403 354 2445 quidquid
378 2413 446 2435 non
468 2397 631 2436 adiuvat'.
682 2404 726 2436 cf.
750 2410 929 2448 praeterea
950 2404 1127 2447 Tryphon.
1146 2404 1238 2443 VIII,
1263 2405 1344 2443 742,
1373 2404 1476 2447 Greg.
1504 2403 1578 2437 Cor.
1608 2406 1688 2444 771,

185 2461 352 2494 Cocondr.
372 2461 454 2502 791,
483 2462 610 2506 Georg.
633 2463 801 2498 Choerob.
823 2463 903 2497 812.
957 2464 1118 2506 exempla
1142 2463 1316 2496 sufficiant
1334 2464 1432 2496 Dem.
1459 2464 1585 2503 XVIII,
1607 2464 1687 2504 249,

182 2521 277 2561 XXI,
304 2520 363 2561 96,
391 2520 461 2556 Cic.
491 2521 563 2557 Cat.
590 2523 648 2562 III,
675 2523 729 2558 16.
767 2541 816 2546 —
865 2529 908 2555 12.
936 2523 1250 2566 transgressio
1277 2527 1328 2555 est
1360 2529 1444 2566 aput
1470 2523 1540 2555 Cic.
1569 2524 1611 2556 de
1638 2534 1687 2558 or.

182 2580 246 2623 ΙΙΙ,
276 2579 344 2613 203
370 2581 542 2620 traiectio,
577 2581 624 2613 ib.
660 2581 728 2615 207
762 2582 946 2614 verborum
971 2583 1137 2614 concinna
1162 2583 1392 2626 transgressio
1419 2583 1689 2624 commendatur.

182 2638 343 2682 pluribus
369 2638 485 2677 Quint.
515 2649 590 2672 eam
615 2640 761 2683 figuram
787 2641 935 2673 illustrat
955 2642 1055 2681 VIII,
1082 2641 1123 2681 6,
1152 2641 1214 2680 62,
1240 2641 1306 2673 hac
1335 2642 1553 2674 distinetione
1580 2641 1688 2673 facta:

179 2689 232 2729 ‘id
256 2707 334 2729 cum
358 2697 393 2729 in
412 2697 547 2730 duobus
571 2698 688 2731 verbis
713 2698 767 2739 fit,
795 2692 1023 2742 ἀναστροφὴ
1048 2701 1191 2742 dicitur,
1217 2701 1369 2733 reversio
1390 2700 1577 2741 quaedam:
1607 2709 1690 2739 qua-

183 2754 232 2786 lia
255 2759 332 2788 sunt
357 2755 478 2798 volgo:
504 2766 640 2789 mecum
666 2768 802 2797 secum3
829 2758 923 2801 apud
949 2764 1100 2792 oratores
1129 2763 1161 2791 et
1186 2758 1388 2791 historicos:
1417 2758 1541 2798 quibus
1568 2757 1610 2789 de
1637 2767 1689 2789 re-

183 2813 260 2845 bus.
311 2816 345 2844 at
373 2823 451 2845 cum
479 2814 613 2847 decoris
651 2817 764 2859 gratia
795 2817 942 2849 trahitur
973 2817 1110 2860 longius
1141 2817 1302 2855 verbum,
1329 2816 1470 2858 proprie
1503 2814 1686 2857 hyperbati

179 2875 271 2903 tenet
293 2864 440 2904 nomen'.
491 2873 608 2905 laudat
633 2873 702 2906 Cic.
729 2885 764 2917 p.
793 2875 843 2910 Cl.
874 2876 907 2911 1.
959 2877 1120 2918 Hei-mog.
1150 2885 1189 2907 π.
1212 2871 1263 2906 ἰὸ.
1293 2874 1373 2912 287,
1399 2874 1462 2912 21,
1505 2884 1606 2914 quem
1631 2884 1685 2906 se-

180 2930 294 2972 quitur
317 2929 432 2964 Tiber.
460 2931 560 2971 VIII,
588 2931 676 2972 561,
711 2933 836 2965 dividit
860 2934 1073 2976 hyperbaton
1102 2934 1138 2965 in
1166 2926 1207 2964 τὸ
1234 2924 1313 2964 κατ’
1336 2925 1548 2974 ὑπέρθεσιν
1573 2938 1604 2964 et
1630 2927 1673 2964 τό

1716 2523 1761 2555 44
